symbol,end_date,amend,period_focus,fiscal_year,doc_type,revenues,op_income,net_income,eps_basic,eps_diluted,dividend,assets,cur_assets,cur_liab,cash,equity,cash_flow_op,cash_flow_inv,cash_flow_fin
AE,2015-12-31,False,FY,2015,10-K,1944279000.0,-2359000.0,-1275000.0,-0.3,-0.3,0.88,243215000.0,176537000.0,80197000.0,91877000.0,152510000.0,25477000.0,-10072000.0,-3712000.0
ACY,2015-12-31,False,FY,2015,10-K,38533700.0,,6437600.0,4.17,4.17,0.0,181025000.0,,,2721000.0,41278500.0,10556800.0,13383300.0,-23059600.0
ACU,2015-12-31,False,FY,2015,10-K,109812000.0,7347006.0,4793525.0,1.44,1.3,0.37,81421366.0,59633487.0,11936753.0,2425891.0,43183561.0,1079738.0,-1913629.0,1136049.0
BHB,2015-12-31,False,FY,2015,10-K,8979000.0,,15153000.0,2.53,2.5,1.01,1580055000.0,,,9720000.0,154152000.0,20331000.0,-127983000.0,107572000.0
CMT,2015-12-31,False,FY,2015,10-K,199068000.0,,12050000.0,1.59,1.58,0.0,139803000.0,62684000.0,31150000.0,8943000.0,88733000.0,18615000.0,-20195000.0,8211000.0
ESTE,2015-12-31,False,FY,2015,10-K,49390000.0,-149229000.0,-116655000.0,-8.43,-8.43,0.0,264944000.0,45909000.0,48578000.0,23264000.0,199873000.0,-10440000.0,-66602000.0,-141000.0
GMO,2015-12-31,False,FY,2015,10-K,,-9735000.0,-15223000.0,-0.16,-0.16,0.0,346475000.0,13197000.0,2404000.0,13047000.0,117402000.0,-16415000.0,14868000.0,1325000.0
GIG,2015-12-31,False,FY,2015,10-K,40394000.0,1414000.0,1249000.0,0.03,0.03,0.0,69110000.0,48301000.0,7660000.0,30245000.0,60189000.0,2957000.0,-6744000.0,15536000.0
GRC,2015-12-31,False,FY,2015,10-K,406150000.0,36391000.0,25109000.0,0.96,0.96,0.0,364201000.0,189391000.0,43460000.0,23724000.0,287021000.0,40683000.0,-11180000.0,-29090000.0
IMH,2015-12-31,False,FY,2015,10-K,166957000.0,71276000.0,80799000.0,8.0,6.4,0.0,5211317000.0,,,32409000.0,114490000.0,30664000.0,676277000.0,-684605000.0
IRT,2015-12-31,False,FY,2015,10-K,109576000.0,10182000.0,28242000.0,0.78,0.78,0.06,1392414000.0,,,38301000.0,390030000.0,18725000.0,-153466000.0,158279000.0
MSTX,2015-12-31,False,FY,2015,10-K,0.0,-39373000.0,-39842000.0,-0.25,-0.25,0.0,54217000.0,42252000.0,23173000.0,23052000.0,23889000.0,-32949000.0,3395000.0,16798000.0
NEN,2015-12-31,False,FY,2015,10-K,45480714.0,12711688.0,3772565.0,29.86,,0.0,202166216.0,,,10298186.0,,13806121.0,-10175926.0,-7347907.0
PIP,2015-12-31,False,FY,2015,10-K,10640660.0,-3402800.0,-3440705.0,-0.05,-0.05,0.0,19862397.0,17226866.0,2179441.0,15569813.0,16649117.0,-3215981.0,-78907.0,223125.0
RNN,2015-12-31,False,FY,2015,10-K,,-18263436.0,-14384556.0,-0.08,-0.08,0.0,24805029.0,24661344.0,,10199440.0,18775548.0,-17351950.0,9554394.0,8170751.0
SGA,2015-12-31,False,FY,2015,10-K,132856000.0,24082000.0,13164000.0,2.31,2.29,1.1,204571000.0,47895000.0,14338000.0,21614000.0,122816000.0,28535000.0,-17106000.0,-7722000.0
LOV,2015-12-31,False,FY,2015,10-K,48135000.0,-1098000.0,-1437000.0,-0.06,-0.06,0.0,33076000.0,9443000.0,11437000.0,6565000.0,18966000.0,1600000.0,-9617000.0,2886000.0
UEC,2016-01-31,False,Q2,2016,10-Q,0.0,-4018357.0,-4801505.0,-0.05,-0.05,0.0,49982462.0,3289970.0,13631613.0,2406123.0,23940769.0,-7941243.0,-17622.0,272580.0
DDD,2015-12-31,False,FY,2015,10-K,666163000.0,-641924000.0,-655492000.0,-5.85,-5.85,0.0,893275000.0,432467000.0,145471000.0,155643000.0,654646000.0,-3128000.0,-120855000.0,-2157000.0
ADC,2015-12-31,False,FY,2015,10-K,69965866.0,40112683.0,39017855.0,2.17,2.16,0.0,792549537.0,,,2711588.0,453619539.0,44680252.0,-202775080.0,155406958.0
ARCX,2015-12-31,False,FY,2015,10-K,81789000.0,7697000.0,10744000.0,0.61,0.61,0.0,648522000.0,17515000.0,15494000.0,5870000.0,,37432000.0,-273843000.0,235682000.0
CINR,2015-12-31,False,FY,2015,10-K,486400000.0,110100000.0,106200000.0,5.16,5.16,0.0,423200000.0,146900000.0,43200000.0,20400000.0,263200000.0,150200000.0,-35700000.0,-125100000.0
CORR,2015-12-31,False,FY,2015,10-K,71288935.0,21563606.0,8471083.0,0.79,0.79,2.75,678490022.0,24276.0,19993.0,14618740.0,444194306.0,42600618.0,-244612616.0,209052574.0
CFI,2016-01-31,False,Q3,2016,10-Q,78466000.0,7226000.0,4862000.0,0.39,0.39,0.0,173551000.0,113595000.0,39293000.0,31713000.0,125074000.0,15876000.0,-3216000.0,-10961000.0
DCO,2015-12-31,False,FY,2015,10-K,666011000.0,-75309000.0,-73282000.0,-6.63,-6.63,0.0,561420000.0,264231000.0,83607000.0,5454000.0,187331000.0,23678000.0,-13477000.0,-50374000.0
EFC,2015-12-31,False,FY,2015,10-K,,66176000.0,38089000.0,1.13,1.13,0.0,2991555000.0,,,183909000.0,738952000.0,654246000.0,,-584477000.0
IFT,2015-12-31,False,FY,2015,10-K,46891000.0,,-31024000.0,-1.25,-1.25,0.0,509857000.0,,,12946000.0,220357000.0,-54348000.0,-40954000.0,60726000.0
EVDY,2015-12-31,False,FY,2015,10-K,231991000.0,-5100000.0,-11640000.0,-0.36,-0.36,0.0,369598000.0,125115000.0,65883000.0,30097000.0,180269000.0,20946000.0,-63210000.0,21632000.0
FBP,2015-12-31,False,FY,2015,10-K,686894000.0,,21297000.0,0.1,0.1,0.0,12573019000.0,,,532985000.0,1694134000.0,261891000.0,438979000.0,-744520000.0
FBC,2015-12-31,False,FY,2015,10-K,757000000.0,,158000000.0,2.27,2.24,0.0,13715000000.0,,,54000000.0,1529000000.0,-9547000000.0,5885000000.0,3734000000.0
FELP,2015-12-31,False,FY,2015,10-K,984853000.0,82557000.0,-39454000.0,-0.3,-0.3,0.0,1837040000.0,226197000.0,1574550000.0,17538000.0,,200412000.0,-138781000.0,-70602000.0
FXCM,2015-12-31,False,FY,2015,10-K,402278000.0,-151621000.0,-553929000.0,-108.89,-108.89,0.0,1230483000.0,1130017000.0,739069000.0,203854000.0,-278721000.0,-293345000.0,50124000.0,120622000.0
GKOS,2015-12-31,False,FY,2015,10-K,71700000.0,-10296000.0,-37241000.0,-2.13,-2.13,0.0,116661000.0,104140000.0,20362000.0,21572000.0,95191000.0,-2188000.0,-85628000.0,107110000.0
HRB,2016-01-31,False,Q3,2016,10-Q,474543000.0,,-81729000.0,-0.35,-0.35,0.2,2874046000.0,1220659000.0,589032000.0,189511000.0,-536734000.0,-1426949000.0,314041000.0,-688196000.0
HHS,2015-12-31,False,FY,2015,10-K,495301000.0,-187575000.0,-170928000.0,-2.77,-2.77,0.34,414621000.0,151706000.0,97440000.0,17613000.0,140316000.0,30943000.0,-36165000.0,-31938000.0
IDT,2016-01-31,False,Q2,2016,10-Q,382454000.0,6377000.0,4065000.0,0.18,0.18,0.19,455843000.0,323488000.0,326388000.0,99514000.0,127690000.0,25146000.0,-9938000.0,-20972000.0
ESI,2015-09-30,True,Q3,2015,10-Q,203178000.0,12512000.0,1688000.0,0.07,0.07,0.0,732149000.0,292303000.0,393945000.0,131461000.0,151631000.0,21292000.0,-3311000.0,-11152000.0
ESI,2014-03-31,True,Q1,2014,10-Q,237923000.0,13023000.0,759000.0,0.03,0.03,0.0,780332000.0,398819000.0,457920000.0,205035000.0,116243000.0,36918000.0,-5863000.0,-41791000.0
ESI,2014-06-30,True,Q2,2014,10-Q,238096000.0,6822000.0,-152000.0,-0.01,-0.01,0.0,778487000.0,407552000.0,459094000.0,224956000.0,116731000.0,21563000.0,-1635000.0,-7000.0
ESI,2015-03-31,True,Q1,2015,10-Q,229975000.0,27640000.0,10447000.0,0.44,0.44,0.0,740258000.0,292672000.0,316577000.0,145951000.0,147923000.0,33533000.0,-869000.0,-22650000.0
ESI,2015-06-30,True,Q2,2015,10-Q,214231000.0,11640000.0,716000.0,0.03,0.03,0.0,714978000.0,268240000.0,297334000.0,124632000.0,149162000.0,-1506000.0,-1581000.0,-18232000.0
ESI,2014-09-30,True,Q3,2014,10-Q,242561000.0,6783000.0,8122000.0,0.35,0.34,0.0,771113000.0,388658000.0,437563000.0,204227000.0,125928000.0,33122000.0,-1961000.0,-51890000.0
ESI,2014-12-31,True,FY,2014,10-K,961783000.0,61254000.0,23320000.0,0.99,0.98,0.0,752838000.0,291414000.0,322733000.0,135937000.0,142072000.0,136777000.0,-100325000.0,-116286000.0
KMG,2016-01-31,False,Q2,2016,10-Q,70859000.0,6137000.0,3979000.0,0.34,0.33,0.03,237529000.0,92456000.0,45722000.0,8900000.0,131201000.0,14097000.0,-6001000.0,-6688000.0
WLH,2015-12-31,False,FY,2015,10-K,1106552000.0,81018000.0,57336000.0,1.57,1.48,0.0,1923450000.0,,,50203000.0,671469000.0,-172908000.0,-5800000.0,176140000.0
MMI,2015-12-31,False,FY,2015,10-K,689055000.0,114651000.0,66350000.0,1.71,1.69,0.0,321225000.0,196114000.0,75011000.0,96185000.0,188990000.0,72120000.0,-126929000.0,1835000.0
MN,2015-12-31,False,FY,2015,10-K,327818000.0,128552000.0,12529000.0,0.91,0.9,0.64,230796000.0,176548000.0,54559000.0,117591000.0,134780000.0,128718000.0,2073000.0,-138192000.0
MUX,2015-12-31,False,FY,2015,10-K,72956000.0,-49320000.0,-20450000.0,-0.07,-0.07,0.0,475085000.0,54443000.0,22039000.0,25874000.0,418292000.0,15597000.0,-1878000.0,123000.0
MC,2015-12-31,False,FY,2015,10-K,551863000.0,137503000.0,33104000.0,1.65,1.55,1.0,539461000.0,,,248022000.0,257418000.0,142302000.0,-1740000.0,-89740000.0
MYE,2015-12-31,False,FY,2015,10-K,601538000.0,30861000.0,17762000.0,0.58,0.57,0.54,429916000.0,154308000.0,116812000.0,7344000.0,97703000.0,37732000.0,47715000.0,-81821000.0
NGS,2015-12-31,False,FY,2015,10-K,95919000.0,15147000.0,10147000.0,0.81,0.79,0.0,285553000.0,73204000.0,4568000.0,35532000.0,223981000.0,41611000.0,-12315000.0,55000.0
NRP,2015-12-31,False,FY,2015,10-K,488849000.0,-477911000.0,-571720000.0,-45.75,-45.75,0.0,1684075000.0,121129000.0,136647000.0,51773000.0,,203424000.0,-30271000.0,-171456000.0
NRP,2015-12-31,True,FY,2015,10-K,488849000.0,-477911000.0,-571720000.0,-45.75,-45.75,0.0,1684075000.0,121129000.0,136647000.0,51773000.0,,203424000.0,-30271000.0,-171456000.0
NPTN,2015-12-31,False,FY,2015,10-K,55800000.0,3953000.0,3668000.0,0.1,0.09,0.0,341878000.0,263198000.0,111987000.0,76088000.0,211656000.0,26138000.0,-21906000.0,29623000.0
JWN,2016-01-30,False,FY,2015,10-K,14095000000.0,,600000000.0,3.22,3.15,6.33,7698000000.0,3014000000.0,2911000000.0,595000000.0,871000000.0,2451000000.0,-144000000.0,-2539000000.0
OFG,2015-12-31,False,FY,2015,10-K,459040000.0,,-16366000.0,-0.37,-0.37,0.36,7099149000.0,,,532010000.0,897077000.0,97082000.0,153042000.0,-286842000.0
PAH,2015-12-31,False,FY,2015,10-K,2542300000.0,71600000.0,-308600000.0,-1.52,-1.52,22.85,10190200000.0,2270500000.0,1062400000.0,432200000.0,2273300000.0,320900000.0,-4256500000.0,4001200000.0
PGEM,2015-12-31,False,FY,2015,10-K,1839726000.0,122532000.0,32288000.0,0.47,0.47,0.0,1285904000.0,490901000.0,234763000.0,109425000.0,-76813000.0,139315000.0,-54738000.0,-3514000.0
POWR,2015-12-31,False,FY,2015,10-K,443701000.0,11032000.0,5839000.0,0.26,0.26,0.0,335815000.0,224168000.0,148288000.0,18433000.0,165488000.0,713000.0,-12037000.0,-4009000.0
APTS,2015-12-31,False,FY,2015,10-K,109305512.0,18889742.0,-21171858.0,-0.95,-0.95,0.7275,1295529033.0,,,2439605.0,525453790.0,35221423.0,-533510211.0,497615123.0
PZN,2015-12-31,False,FY,2015,10-K,116607000.0,55417000.0,7679000.0,0.55,0.5,0.41,114309000.0,,,35417000.0,85462000.0,57430000.0,-6192000.0,-54930000.0
QUOT,2015-12-31,False,FY,2015,10-K,237309000.0,-31779000.0,-26730000.0,-0.32,-0.32,0.0,321071000.0,228483000.0,50936000.0,134947000.0,265490000.0,9231000.0,-50812000.0,-24577000.0
RAS,2015-12-31,False,FY,2015,10-K,323982000.0,-17060000.0,7158000.0,0.08,0.08,0.63,4447296000.0,,,125886000.0,744741000.0,87871000.0,-403112000.0,319401000.0
RST,2015-12-31,False,FY,2015,10-K,217670000.0,-43813000.0,-46796000.0,-2.17,-2.17,0.0,228543000.0,119660000.0,161807000.0,47782000.0,22410000.0,-5645000.0,-9374000.0,-727000.0
SRG,2015-12-31,False,FY,2015,10-K,,,,,,0.0,2833359000.0,,,62867000.0,1570077000.0,17671000.0,-2730399000.0,2775595000.0
SFS,2016-01-03,False,FY,2015,10-K,3970980000.0,94865000.0,38262000.0,0.52,0.5,0.0,1821289000.0,372463000.0,310382000.0,59327000.0,566571000.0,145391000.0,-196616000.0,3705000.0
SPLP,2015-12-31,False,FY,2015,10-K,763009000.0,,136735000.0,2.69,2.68,0.0,1684773000.0,719474000.0,321249000.0,185852000.0,,-15753000.0,64539000.0,-51192000.0
SRT,2015-12-31,False,FY,2015,10-K,136422000.0,-14013000.0,-15616000.0,-1.01,-1.01,0.0,115674000.0,64018000.0,63697000.0,2626000.0,41925000.0,-4636000.0,-24998000.0,26519000.0
SRI,2015-12-31,False,FY,2015,10-K,644812000.0,27815000.0,22774000.0,0.83,0.81,0.0,364252000.0,231909000.0,108050000.0,54361000.0,106429000.0,54805000.0,-30370000.0,-11019000.0
SUP,2015-12-31,False,FY,2015,10-K,727946000.0,36294000.0,23944000.0,0.9,0.9,0.72,539929000.0,245820000.0,73862000.0,52036000.0,413912000.0,59349000.0,-34946000.0,-31348000.0
TGT,2016-01-30,False,FY,2015,10-K,73785000000.0,,3363000000.0,5.35,5.31,2.2,40262000000.0,14130000000.0,12622000000.0,4046000000.0,12957000000.0,5844000000.0,508000000.0,-4516000000.0
TA,2015-12-31,False,FY,2015,10-K,5850633000.0,78297000.0,26333000.0,0.72,0.72,0.0,1635094000.0,495340000.0,295622000.0,172087000.0,549319000.0,136888000.0,-237477000.0,48495000.0
TREC,2015-12-31,False,FY,2015,10-K,241976000.0,36041000.0,18598000.0,0.76,0.74,0.0,258811000.0,66353000.0,22947000.0,18623000.0,142385000.0,39565000.0,-31294000.0,1846000.0
TRMR,2015-12-31,False,FY,2015,10-K,173837000.0,-42767000.0,-43230000.0,-0.84,-0.84,0.0,168124000.0,134386000.0,60238000.0,59887000.0,101432000.0,-7959000.0,-9404000.0,-386000.0
TPUB,2015-12-27,False,FY,2015,10-K,1672820000.0,24967000.0,-2765000.0,-0.11,-0.11,0.7,832966000.0,312157000.0,313430000.0,40832000.0,-14398000.0,62924000.0,-91005000.0,32238000.0
TSE,2015-12-31,False,FY,2015,10-K,3971902000.0,401316000.0,133647000.0,2.74,2.73,0.0,2284572000.0,1289034000.0,449269000.0,431261000.0,389014000.0,353249000.0,-106671000.0,-26218000.0
UCP,2015-12-31,False,FY,2015,10-K,278791000.0,5646000.0,2371000.0,0.3,0.3,0.0,416221000.0,,,39829000.0,217408000.0,-21086000.0,-980000.0,19862000.0
VHI,2015-12-31,False,FY,2015,10-K,1532900000.0,-5400000.0,-133600000.0,-0.39,-0.39,0.08,2537400000.0,896200000.0,286600000.0,202300000.0,526900000.0,22500000.0,-57000000.0,-10600000.0
AKAO,2015-12-31,False,FY,2015,10-K,26061000.0,-26573000.0,-27093000.0,-1.49,-1.49,0.0,66863000.0,65489000.0,8689000.0,20287000.0,43159000.0,-21088000.0,5232000.0,17262000.0
ADUS,2015-12-31,False,FY,2015,10-K,336815000.0,16024000.0,11623000.0,1.06,1.04,0.0,192612000.0,102561000.0,42189000.0,4104000.0,141726000.0,4106000.0,-10724000.0,-2641000.0
PAY,2016-01-31,False,Q1,2016,10-Q,513539000.0,36216000.0,23501000.0,0.21,0.21,0.0,2541182000.0,797309000.0,546827000.0,185732000.0,856710000.0,63161000.0,-129566000.0,50210000.0
VVI,2015-12-31,False,FY,2015,10-K,1089048000.0,44864000.0,26221000.0,1.32,1.32,0.4,692295000.0,195171000.0,185571000.0,56531000.0,335338000.0,60277000.0,-28727000.0,-25258000.0
VSLR,2015-12-31,False,FY,2015,10-K,64182000.0,-231114000.0,13080000.0,0.12,0.12,0.0,1609070000.0,113558000.0,116470000.0,92213000.0,609252000.0,-189244000.0,-556446000.0,576254000.0
VCRA,2015-12-31,False,FY,2015,10-K,104086000.0,-16795000.0,-17106000.0,-0.66,-0.66,0.0,162261000.0,145266000.0,47766000.0,20572000.0,104431000.0,-135000.0,-3751000.0,1843000.0
ATSG,2015-12-31,False,FY,2015,10-K,619264000.0,72790000.0,41222000.0,0.64,0.63,0.0,1042263000.0,101306000.0,126806000.0,17697000.0,364157000.0,173699000.0,-151873000.0,-34689000.0
AGFS,2015-12-31,False,FY,2015,10-K,0.0,,-19756000.0,,,0.0,1082674000.0,180656000.0,67570000.0,57765000.0,443903000.0,18780000.0,-405552000.0,446706000.0
AKBA,2015-12-31,False,FY,2015,10-K,0.0,-61513000.0,-60716000.0,-2.29,-2.29,0.0,142940000.0,141017000.0,11868000.0,49778000.0,130998000.0,-52407000.0,-13688000.0,83093000.0
AFOP,2015-12-31,False,FY,2015,10-K,81189000.0,19194000.0,13038000.0,0.74,0.73,0.0,80633000.0,53423000.0,15569000.0,6157000.0,62870000.0,14066000.0,7530000.0,-38098000.0
OXF,2015-12-31,False,FY,2015,10-K,384700000.0,-5212000.0,-33688000.0,178.7,178.7,0.0,425290000.0,64542000.0,60354000.0,3710000.0,-270000.0,31994000.0,-134878000.0,100590000.0
ATLO,2015-12-31,False,FY,2015,10-K,51417538.0,,15014651.0,1.61,1.61,0.8,1326747143.0,,,24005801.0,161250057.0,22714412.0,-34467934.0,12029066.0
ANAD,2015-12-31,False,FY,2015,10-K,58652000.0,-23027000.0,-23490000.0,-0.27,-0.27,0.0,31836000.0,21506000.0,9389000.0,6966000.0,22447000.0,-9760000.0,-216000.0,-1488000.0
ABCW,2015-12-31,False,FY,2015,10-K,108181000.0,,137758000.0,14.64,14.57,0.0,2248498000.0,,,43970000.0,366641000.0,14741000.0,-135113000.0,48366000.0
ABAC,2015-12-31,False,FY,2015,10-K,37367956.0,3634052.0,4489834.0,0.09,0.09,0.0,110910441.0,81726699.0,,49656897.0,93166577.0,21246034.0,3975423.0,-11979698.0
ANTH,2015-12-31,False,FY,2015,10-K,3185000.0,-35243000.0,-35220000.0,-0.99,-0.99,0.0,48125000.0,47862000.0,8468000.0,46951000.0,39657000.0,-30907000.0,-80000.0,75299000.0
XRM,2015-12-31,False,FY,2015,10-K,477243000.0,46014000.0,-4380000.0,-0.28,-0.28,0.0,550374000.0,173617000.0,108738000.0,9839000.0,-113070000.0,31163000.0,-47605000.0,16574000.0
CRFN,2015-12-31,False,FY,2015,10-K,219106000.0,,43805000.0,1.39,1.38,0.0,4474144000.0,,,60783000.0,562549000.0,18355000.0,-239983000.0,201181000.0
AQXP,2015-12-31,False,FY,2015,10-K,,,-21860000.0,-1.73,-1.73,0.0,113343000.0,74796000.0,4792000.0,39526000.0,108420000.0,-20268000.0,-47533000.0,92948000.0
AAOI,2015-12-31,False,FY,2015,10-K,189903000.0,13449000.0,10793000.0,0.69,0.65,0.0,273475000.0,153928000.0,74080000.0,28074000.0,165398000.0,-15212000.0,-61620000.0,73114000.0
PETX,2015-12-31,False,FY,2015,10-K,678000.0,-89496000.0,-84054000.0,-2.45,-2.45,0.0,147066000.0,89019000.0,5684000.0,26755000.0,101550000.0,-38495000.0,33663000.0,21895000.0
ASBB,2015-12-31,False,FY,2015,10-K,32944000.0,,3575000.0,0.92,0.89,0.0,782853000.0,,,9563000.0,89682000.0,9388000.0,-49242000.0,16397000.0
ARTNA,2015-12-31,False,FY,2015,10-K,77024000.0,17582000.0,11305000.0,1.26,1.26,0.8733,431626000.0,14444000.0,23218000.0,209000.0,132331000.0,28285000.0,-20646000.0,-7673000.0
ASMB,2015-12-31,False,FY,2015,10-K,,-29655630.0,-28453833.0,-1.81,-1.81,0.0,133744497.0,68368465.0,3402902.0,27107526.0,118741595.0,-18697334.0,-64855510.0,81569257.0
ATHX,2015-12-31,False,FY,2015,10-K,11948000.0,-17171000.0,-16422000.0,-0.2,-0.2,0.0,25129000.0,23817000.0,4756000.0,23027000.0,19724000.0,-13764000.0,-132000.0,10796000.0
AVEO,2015-12-31,False,FY,2015,10-K,19024000.0,-12426000.0,-15001000.0,-0.27,-0.27,0.0,40542000.0,40376000.0,12398000.0,26634000.0,17227000.0,-18230000.0,-6316000.0,-1126000.0
AXTI,2015-12-31,False,FY,2015,10-K,77502000.0,-4899000.0,-2405000.0,-0.07,-0.07,0.0,151896000.0,96888000.0,12841000.0,24875000.0,137561000.0,1878000.0,-2483000.0,-2234000.0
BANF,2015-12-31,False,FY,2015,10-K,26111000.0,,66170000.0,4.25,4.17,1.4,6692829000.0,,,203364000.0,655510000.0,78159000.0,-265298000.0,-128579000.0
BCBP,2015-12-31,False,FY,2015,10-K,74445000.0,,6113000.0,0.69,0.69,0.0,1618406000.0,,,11808000.0,133544000.0,7689000.0,-218007000.0,310830000.0
BELFB,2015-12-31,False,FY,2015,10-K,1494017000.0,28600000.0,19197000.0,3.17,3.17,0.07,587011000.0,285454000.0,122026000.0,85040000.0,233122000.0,65789000.0,-9814000.0,-48814000.0
BLCM,2015-12-31,False,FY,2015,10-K,282000.0,-49135000.0,-48548000.0,-1.84,-1.84,0.0,160406000.0,96890000.0,7445000.0,70241000.0,152017000.0,-35726000.0,-86453000.0,818000.0
BSF,2015-12-31,False,FY,2015,10-K,74393000.0,,10574000.0,0.31,0.3,0.0,1920216000.0,,,36535000.0,223157000.0,13741000.0,-37691000.0,-37005000.0
BIOL,2015-12-31,False,FY,2015,10-K,48475000.0,-19915000.0,-20278000.0,-0.35,-0.35,0.0,42251000.0,34800000.0,15106000.0,11699000.0,24925000.0,-17772000.0,-1778000.0,-105000.0
BSTC,2015-12-31,False,FY,2015,10-K,22750135.0,14443315.0,9617632.0,1.41,1.32,0.0,45698113.0,38368882.0,838525.0,5137875.0,44810209.0,10606660.0,-20109541.0,4829940.0
BPMC,2015-12-31,False,FY,2015,10-K,11400000.0,,-55922000.0,-3.07,-3.07,0.0,178898000.0,170416000.0,18640000.0,162707000.0,143979000.0,-31676000.0,-6079000.0,153222000.0
WIFI,2015-12-31,False,FY,2015,10-K,139626000.0,-21631000.0,-22292000.0,-0.6,-0.6,0.0,341012000.0,62146000.0,93948000.0,14718000.0,112035000.0,98575000.0,-101502000.0,8843000.0
BOJA,2015-12-27,False,FY,2015,10-K,488202000.0,51688000.0,26526000.0,1.15,0.71,0.0,560765000.0,28121000.0,45102000.0,14263000.0,167124000.0,45526000.0,-12186000.0,-32278000.0
BDGE,2015-12-31,False,FY,2015,10-K,118908000.0,,20660000.0,1.43,1.43,0.92,3781959000.0,,,79750000.0,341128000.0,31526000.0,-451572000.0,472874000.0
BLDR,2015-12-31,False,FY,2015,10-K,3564425000.0,90617000.0,-22831000.0,-0.22,-0.22,0.0,2882038000.0,1194329000.0,735238000.0,65063000.0,149195000.0,177034000.0,-1508047000.0,1378303000.0
BMTC,2015-12-31,False,FY,2015,10-K,0.0,,16754000.0,0.96,0.94,0.78,3030997000.0,,,18452000.0,365711000.0,37928000.0,144000.0,-3672000.0
BLMT,2015-12-31,False,FY,2015,10-K,51571000.0,,6747000.0,0.8,0.78,0.0,1812916000.0,,,1871000.0,146203000.0,765000.0,-395784000.0,177000.0
CLMS,2015-12-31,False,FY,2015,10-K,230880000.0,30339000.0,3327000.0,0.19,0.18,0.6,561462000.0,509126000.0,48282000.0,104717000.0,378559000.0,42124000.0,96306000.0,-68998000.0
CDZI,2015-12-31,False,FY,2015,10-K,304000.0,-14009000.0,-24013000.0,-1.35,-1.35,0.0,55416000.0,3186000.0,2023000.0,2690000.0,-56498000.0,-12568000.0,-906000.0,-42000.0
CAC,2015-12-31,False,FY,2015,10-K,126626000.0,,20893000.0,2.6,2.6,1.2,3709871000.0,,,79488000.0,363190000.0,15918000.0,-54744000.0,57501000.0
LIND,2015-12-31,False,FY,2015,10-K,209985000.0,15502000.0,19742000.0,0.44,0.43,0.0,381613000.0,234344000.0,104322000.0,206903000.0,113921000.0,40302000.0,-81511000.0,208524000.0
CARA,2015-12-31,False,FY,2015,10-K,3803000.0,-25188000.0,-24690000.0,-1.0,-1.0,0.0,110897000.0,108934000.0,5268000.0,15101000.0,105044000.0,-21478000.0,-91677000.0,75593000.0
CARO,2015-12-31,False,FY,2015,10-K,77283000.0,,14420000.0,1.51,1.48,0.0,1409669000.0,,,10206000.0,139859000.0,11102000.0,-206130000.0,200508000.0
CBFV,2015-12-31,False,FY,2015,10-K,39512000.0,,8420000.0,2.07,2.07,0.85,830677000.0,,,9024000.0,86896000.0,51563000.0,-28946000.0,-23028000.0
CLRB,2015-12-31,False,FY,2015,10-K,,-8757865.0,-5495030.0,-7.03,-7.03,0.0,7596379.0,4180574.0,5703045.0,3857791.0,1649803.0,-8212980.0,-58470.0,2706614.0
CMBG,2015-12-31,False,FY,2015,10-K,2505423.0,-20848970.0,-19447721.0,-1.7,-1.7,0.0,49460422.0,16694291.0,3019257.0,14884597.0,46364936.0,-11751098.0,-7702105.0,19647152.0
CEVA,2015-12-31,False,FY,2015,10-K,59499000.0,6312000.0,6267000.0,0.31,0.3,0.0,212649000.0,106027000.0,18983000.0,18909000.0,186095000.0,19380000.0,-9645000.0,-6953000.0
CHMG,2015-12-31,False,FY,2015,10-K,74691000.0,,9433000.0,2.0,2.0,1.04,1619964000.0,,,24886000.0,137242000.0,14123000.0,-114648000.0,97547000.0
CCXI,2015-12-31,False,FY,2015,10-K,0.0,-47689000.0,-47305000.0,-1.08,-1.08,0.0,78155000.0,72035000.0,5494000.0,12823000.0,72507000.0,-39327000.0,33884000.0,2191000.0
CBNK,2015-12-31,False,FY,2015,10-K,28230000.0,,2999000.0,0.61,0.6,0.3,678574000.0,,,9975000.0,89274000.0,5357000.0,-62266000.0,35369000.0
CHEV,2015-12-31,False,FY,2015,10-K,21016000.0,,920000.0,0.14,0.14,0.39,572000000.0,,,43005000.0,96469000.0,1894000.0,-223000.0,-1105000.0
JVA,2016-01-31,False,Q1,2016,10-Q,22805397.0,810239.0,439569.0,0.07,0.07,0.0,35394126.0,32064486.0,9815259.0,5927324.0,24795801.0,3788438.0,-214930.0,-1500000.0
CVGI,2015-12-31,False,FY,2015,10-K,825341000.0,38026000.0,7060000.0,0.24,0.24,0.0,436679000.0,308277000.0,114853000.0,92194000.0,65930000.0,55299000.0,-14506000.0,-16008000.0
CTBI,2015-12-31,False,FY,2015,10-K,20222000.0,,46432000.0,2.66,2.66,1.22,3903934000.0,,,51974000.0,475583000.0,54979000.0,-108349000.0,135464000.0
ESXB,2015-12-31,False,FY,2015,10-K,4000.0,,-2497000.0,-0.11,-0.11,0.0,1180557000.0,,,16969000.0,104487000.0,-311000.0,-47000000.0,-3919000.0
CNAT,2015-12-31,False,FY,2015,10-K,,,-24148626.0,-1.3,-1.3,0.0,39727268.0,38490140.0,3982698.0,13876090.0,34540346.0,-22546185.0,4119640.0,22389961.0
COB,2015-12-31,False,FY,2015,10-K,96730000.0,,6914000.0,0.29,0.29,0.0,2397265000.0,,,23852000.0,273038000.0,-598000.0,-174057000.0,117948000.0
CPSI,2015-12-31,False,FY,2015,10-K,182173884.0,25086282.0,17970110.0,1.62,1.62,0.0,92787873.0,74557419.0,17421455.0,24950617.0,75366418.0,30875752.0,-597554.0,-29119329.0
JCS,2015-12-31,False,FY,2015,10-K,107669524.0,-10505869.0,-9648308.0,-1.11,-1.11,0.64,87916230.0,61889746.0,15441452.0,9812737.0,72184691.0,840292.0,1395265.0,-6006081.0
CTWS,2015-12-31,False,FY,2015,10-K,103088000.0,27439000.0,22723000.0,2.07,2.04,0.0,716518000.0,27029000.0,36939000.0,731000.0,223977000.0,41146000.0,-48857000.0,5967000.0
CRDS,2016-01-31,False,Q1,2016,10-Q,1961000.0,-2809000.0,-189000.0,-0.01,-0.01,0.0,11300000.0,10640000.0,7511000.0,3853000.0,3190000.0,-4120000.0,-10000.0,0.0
CCRN,2015-12-31,False,FY,2015,10-K,767421000.0,20565000.0,4418000.0,0.14,0.14,0.0,366097000.0,158745000.0,86046000.0,2453000.0,141344000.0,18235000.0,-24070000.0,3355000.0
CCLP,2015-12-31,True,FY,2015,10-K,457641000.0,,-146630000.0,-4.36,-4.36,0.0,980450000.0,126200000.0,66900000.0,10620000.0,,101893000.0,-95341000.0,-28360000.0
CUI,2015-12-31,False,FY,2015,10-K,86667000.0,-5694000.0,-5987000.0,-0.29,-0.29,0.0,90848000.0,38157000.0,17055000.0,7267000.0,59516000.0,-6259000.0,1987000.0,-113000.0
CPIX,2015-12-31,False,FY,2015,10-K,33519051.0,1111610.0,731351.0,0.04,0.04,0.0,91918959.0,67112074.0,12411747.0,38203059.0,76819783.0,5876865.0,-2344972.0,-5194871.0
CUNB,2015-12-31,False,FY,2015,10-K,11730000.0,,20062000.0,1.21,1.18,0.0,2634642000.0,,,50960000.0,306807000.0,21364000.0,-453000.0,3145000.0
CYTR,2015-12-31,False,FY,2015,10-K,100000.0,-63278127.0,-58587190.0,-0.97,-0.97,0.0,67024438.0,64292105.0,22945440.0,22261372.0,44078998.0,-47582447.0,10254845.0,27370069.0
CYTX,2015-12-31,False,FY,2015,10-K,4838000.0,-15286000.0,-19405000.0,-0.14,-0.14,0.0,37698000.0,21243000.0,8437000.0,14338000.0,12206000.0,-20468000.0,-613000.0,20797000.0
DTLK,2015-12-31,False,FY,2015,10-K,764765000.0,9054000.0,4699000.0,0.21,0.21,0.0,521797000.0,380340000.0,277968000.0,39397000.0,164768000.0,21401000.0,-1630000.0,-8099000.0
DCOM,2015-12-31,False,FY,2015,10-K,183407000.0,,44636000.0,1.24,1.23,0.0,5032872000.0,,,64154000.0,493947000.0,50153000.0,-553674000.0,489238000.0
DIOD,2015-12-31,False,FY,2015,10-K,848904000.0,42102000.0,24274000.0,0.5,0.49,0.0,1601030000.0,750551000.0,179663000.0,218435000.0,842997000.0,118111000.0,-459446000.0,321362000.0
BOOM,2015-12-31,False,FY,2015,10-K,166918000.0,-23679000.0,-23971000.0,-1.72,-1.72,0.14,182866000.0,86454000.0,32898000.0,6291000.0,118421000.0,1618000.0,-5326000.0,1788000.0
EGLT,2015-12-31,False,FY,2015,10-K,22830000.0,-52216000.0,-57933000.0,-2.94,-2.94,0.0,172416000.0,150238000.0,28664000.0,46665000.0,89222000.0,-38906000.0,-119787000.0,152293000.0
LOCO,2015-12-30,False,FY,2015,10-K,355057000.0,48824000.0,24054000.0,0.63,0.62,0.0,461028000.0,38623000.0,39579000.0,6101000.0,244633000.0,57971000.0,-30835000.0,-32534000.0
EHTH,2015-12-31,False,FY,2015,10-K,189541000.0,-5651000.0,-4763000.0,-0.26,-0.26,0.0,113319000.0,77542000.0,31936000.0,62710000.0,76421000.0,13696000.0,-2996000.0,577000.0
EDGW,2015-12-31,False,FY,2015,10-K,116704000.0,1482000.0,-4060000.0,-0.35,-0.35,0.0,107424000.0,40438000.0,25572000.0,11981000.0,73384000.0,3261000.0,-24467000.0,6451000.0
ELSE,2015-12-31,False,FY,2015,10-K,7636000.0,290000.0,1214000.0,0.36,0.33,0.0,13421000.0,10878000.0,926000.0,569000.0,12040000.0,-306000.0,66000.0,-381000.0
FNHC,2015-12-31,False,FY,2015,10-K,249893000.0,,40885000.0,2.98,2.92,0.0,638298000.0,,,53038000.0,250759000.0,52891000.0,-63641000.0,23631000.0
FFKT,2015-12-31,False,FY,2015,10-K,16993000.0,,14992000.0,1.95,1.95,0.0,1775950000.0,,,28392000.0,175698000.0,25930000.0,15875000.0,-22226000.0
LION,2015-12-31,False,FY,2015,10-K,244530000.0,,39135000.0,1.77,1.64,0.0,3849063000.0,,,86133000.0,301459000.0,2955000.0,-229480000.0,241053000.0
FNTCU,2016-01-31,False,Q1,2016,10-Q,,,-78069.0,-0.02,-0.02,0.0,100171829.0,166776.0,,123762.0,5000001.0,-29329.0,,
FBP,2015-12-31,False,FY,2015,10-K,145419000.0,,26431000.0,1.34,1.3,0.32,3362065000.0,,,267268000.0,342190000.0,37350000.0,-137998000.0,114832000.0
FNLC,2015-12-31,False,FY,2015,10-K,63040000.0,,16206000.0,1.52,1.51,0.87,1564810000.0,,,14299000.0,167498000.0,20742000.0,-86347000.0,66847000.0
FBIZ,2015-12-31,False,FY,2015,10-K,89482000.0,,16241000.0,1.9,1.9,0.44,1782892000.0,,,14640000.0,150832000.0,23220000.0,-149585000.0,136692000.0
FBNK,2015-12-31,False,FY,2015,10-K,95331000.0,,12403000.0,0.84,0.83,0.22,2708546000.0,,,59139000.0,245721000.0,9322000.0,-198135000.0,205089000.0
FCMP,2015-12-31,False,FY,2015,10-K,39222000.0,,9819000.0,0.58,0.57,0.0,1040652000.0,,,10699000.0,103041000.0,3956000.0,-112593000.0,106007000.0
FPRX,2015-12-31,False,FY,2015,10-K,379801000.0,286973000.0,249647000.0,9.73,9.23,0.0,548285000.0,528281000.0,79368000.0,149971000.0,433206000.0,289098000.0,-238234000.0,83840000.0
FLXN,2015-12-31,False,FY,2015,10-K,0.0,-46063076.0,-46315451.0,-2.15,-2.15,0.0,127138512.0,112102708.0,8058974.0,62944044.0,103986444.0,-38948632.0,-13244726.0,12039880.0
FORR,2015-12-31,False,FY,2015,10-K,313726000.0,18827000.0,11996000.0,0.67,0.66,0.68,318991000.0,197727000.0,182453000.0,53331000.0,127302000.0,32466000.0,2789000.0,-29712000.0
FRPT,2015-12-31,False,FY,2015,10-K,116186372.0,-3647672.0,-3710812.0,-0.11,-0.11,0.0,113097574.0,25393210.0,9147514.0,8029413.0,103950060.0,6738817.0,-35260405.0,291749.0
FSYS,2015-12-31,False,FY,2015,10-K,263397000.0,-37477000.0,-47135000.0,-2.55,-2.55,0.0,228439000.0,184242000.0,63743000.0,60162000.0,154087000.0,-2469000.0,-2340000.0,-17228000.0
GALT,2015-12-31,False,FY,2015,10-K,,-20079000.0,-21124000.0,-0.88,-0.88,0.0,26408000.0,26400000.0,1360000.0,25846000.0,18040000.0,-16983000.0,,13701000.0
GALE,2015-12-31,True,FY,2015,10-K,30000000.0,-34220000.0,-63902000.0,-0.25,-0.25,0.0,82144000.0,53621000.0,57071000.0,29730000.0,13513000.0,-48160000.0,10395000.0,43845000.0
GPAC,2015-12-31,False,FY,2015,10-K,,,,,,0.0,156472000.0,1179000.0,,1048000.0,5000000.0,-278000.0,,156576000.0
GBLI,2015-12-31,False,FY,2015,10-K,538778000.0,,41469000.0,1.71,1.69,0.0,1957294000.0,,,67037000.0,749926000.0,3750000.0,197243000.0,-192779000.0
GDEN,2015-12-31,False,FY,2015,10-K,177042000.0,18363000.0,24520000.0,1.45,1.43,0.0,378784000.0,83644000.0,25346000.0,69177000.0,210485000.0,9342000.0,90049000.0,-65630000.0
HNRG,2015-12-31,False,FY,2015,10-K,340120000.0,,19682000.0,0.68,0.68,0.0,545490000.0,66615000.0,52434000.0,15930000.0,206820000.0,94656000.0,-30526000.0,-61669000.0
HMTV,2015-12-31,False,FY,2015,10-K,129790000.0,34867000.0,13739000.0,0.32,0.31,0.0,551150000.0,216866000.0,39850000.0,179532000.0,278641000.0,42192000.0,-5355000.0,685000.0
HTLF,2015-12-31,False,FY,2015,10-K,73750000.0,,59225000.0,2.87,2.83,0.45,7694754000.0,,,237841000.0,663173000.0,101486000.0,-68988000.0,152430000.0
HMNF,2015-12-31,False,FY,2015,10-K,29106000.0,,2848000.0,0.69,0.61,0.0,643161000.0,,,39782000.0,69645000.0,10820000.0,-31864000.0,14192000.0
HBCP,2015-12-31,False,FY,2015,10-K,67179173.0,,12549901.0,1.87,1.79,0.3,1551911600.0,,,24797599.0,165046354.0,36165388.0,-61933183.0,21487487.0
HMST,2015-12-31,False,FY,2015,10-K,13831000.0,,41319000.0,1.98,1.96,0.0,4894495000.0,,,32684000.0,465275000.0,8311000.0,-418334000.0,412205000.0
HDSN,2015-12-31,False,FY,2015,10-K,79722000.0,8181000.0,4763000.0,0.15,0.14,0.0,85011000.0,69469000.0,30960000.0,1258000.0,49425000.0,-10503000.0,-3325000.0,14151000.0
ICAD,2015-12-31,False,FY,2015,10-K,41554000.0,-30079000.0,-32447000.0,-2.07,-2.07,0.0,48640000.0,27767000.0,14279000.0,15280000.0,32746000.0,-1900000.0,-2672000.0,-12368000.0
RXDX,2015-12-31,False,FY,2015,10-K,,-90580000.0,-92458000.0,-3.44,-3.44,0.0,196148000.0,136208000.0,24758000.0,46383000.0,135985000.0,-50800000.0,-60971000.0,151808000.0
IMDZ,2015-12-31,False,FY,2015,10-K,9510000.0,-39485000.0,-39445000.0,-2.06,-2.06,0.0,116145000.0,115560000.0,7111000.0,112921000.0,108993000.0,-37801000.0,-427000.0,75795000.0
IFON,2015-12-31,False,FY,2015,10-K,47833000.0,-920000.0,-1243000.0,-0.09,-0.09,0.0,20981000.0,20696000.0,6741000.0,2647000.0,14240000.0,4858000.0,-111000.0,-2698000.0
INOD,2015-12-31,False,FY,2015,10-K,58523000.0,-2212000.0,-2826000.0,-0.11,-0.11,0.0,51237000.0,37339000.0,12380000.0,24908000.0,38212000.0,2659000.0,-697000.0,-1130000.0
INGN,2015-12-31,False,FY,2015,10-K,113625000.0,15051000.0,11585000.0,0.6,0.56,0.0,161314000.0,114844000.0,22013000.0,66106000.0,134018000.0,38161000.0,-29305000.0,381000.0
INO,2015-12-31,False,FY,2015,10-K,40572111.0,-34283702.0,-29909197.0,-0.43,-0.44,0.0,213840859.0,171850938.0,31466406.0,57632693.0,175933053.0,-12438901.0,-54824107.0,84351719.0
IPAR,2015-12-31,False,FY,2015,10-K,468540000.0,61203000.0,30437000.0,0.98,0.98,0.52,687659000.0,468757000.0,131083000.0,176967000.0,476387000.0,50084000.0,-34590000.0,81775000.0
IIN,2015-12-31,False,FY,2015,10-K,69739000.0,2766000.0,2228000.0,0.38,0.36,0.0,41886000.0,24889000.0,13586000.0,369000.0,18935000.0,711000.0,-4224000.0,3731000.0
ISTR,2015-12-31,False,FY,2015,10-K,7584000.0,,7073000.0,0.98,0.97,0.03,1031555000.0,,,20966000.0,109350000.0,37516000.0,-173314000.0,137252000.0
ITIC,2015-12-31,False,FY,2015,10-K,127200072.0,,12533905.0,6.32,6.3,0.4,211522029.0,,,21790068.0,142777080.0,16889631.0,-4699081.0,-6226997.0
IPAS,2015-12-31,False,FY,2015,10-K,62564000.0,-14911000.0,-15493000.0,-0.25,-0.25,0.0,37843000.0,33144000.0,13968000.0,20294000.0,22601000.0,-13617000.0,738000.0,-641000.0
ISRL,2015-12-31,False,FY,2015,10-K,74509000.0,-22856000.0,-17310000.0,-6.37,-6.37,0.0,146957000.0,38273000.0,25258000.0,22078000.0,-2868000.0,8911000.0,-4680000.0,15820000.0
JMBA,2015-12-29,False,FY,2015,10-K,161676000.0,10254000.0,9418000.0,0.6,0.58,0.0,69616000.0,44013000.0,55635000.0,19730000.0,4991000.0,-14610000.0,42344000.0,-25754000.0
KNDI,2015-12-31,False,FY,2015,10-K,201069173.0,-3952423.0,14665495.0,0.31,0.31,0.0,371469024.0,190867027.0,130949874.0,16738559.0,238925568.0,-3130976.0,-5937117.0,-2578164.0
KTOS,2015-12-27,False,FY,2015,10-K,657100000.0,-4500000.0,19800000.0,0.34,0.34,0.0,903300000.0,320400000.0,172400000.0,28500000.0,254200000.0,-29700000.0,-5700000.0,-214700000.0
KVHI,2015-12-31,False,FY,2015,10-K,184634000.0,3208000.0,2253000.0,0.14,0.14,0.0,226277000.0,115093000.0,43559000.0,22719000.0,118176000.0,8397000.0,-3800000.0,-6329000.0
LARK,2015-12-31,False,FY,2015,10-K,46007000.0,,10506000.0,3.0,2.91,0.72,878376000.0,,,13569000.0,80570000.0,7038000.0,-8370000.0,2141000.0
LXRX,2015-12-31,False,FY,2015,10-K,130014000.0,1468000.0,-4682000.0,-0.05,-0.05,0.0,654832000.0,532400000.0,122996000.0,202989000.0,285850000.0,184776000.0,-117021000.0,-2032000.0
LCUT,2015-12-31,False,FY,2015,10-K,587670000.0,24231000.0,12278000.0,0.89,0.86,0.0375,398952000.0,243380000.0,91715000.0,7131000.0,199468000.0,46510000.0,-5028000.0,-39144000.0
LIND,2015-12-31,False,FY,2015,10-K,209985000.0,15502000.0,19742000.0,0.44,0.43,0.0,381613000.0,234344000.0,104322000.0,206903000.0,113921000.0,40302000.0,-81511000.0,208524000.0
LBIO,2015-12-31,False,FY,2015,10-K,0.0,-27860000.0,-27660000.0,-0.62,-0.62,0.0,105653000.0,103977000.0,1630000.0,13642000.0,104023000.0,-18381000.0,-91153000.0,78267000.0
LOB,2015-12-31,False,FY,2015,10-K,118779000.0,,20625000.0,0.66,0.65,0.0,1052622000.0,,,102607000.0,199488000.0,-334683000.0,59576000.0,347812000.0
LMIA,2015-12-31,False,FY,2015,10-K,375096000.0,20786000.0,-2241000.0,-0.17,-0.17,0.0,415980000.0,177917000.0,45533000.0,10504000.0,117956000.0,32362000.0,-16314000.0,-13471000.0
LOJN,2015-12-31,False,FY,2015,10-K,129552000.0,3712000.0,3197000.0,0.17,0.17,0.0,78005000.0,56909000.0,29928000.0,21628000.0,27862000.0,9509000.0,-3735000.0,-1535000.0
MBTF,2015-12-31,False,FY,2015,10-K,55368000.0,,12082000.0,0.53,0.53,0.0,1342313000.0,,,14996000.0,147341000.0,15304000.0,-36064000.0,53688000.0
MSFG,2015-12-31,False,FY,2015,10-K,42151000.0,,35542000.0,1.64,1.62,0.54,3385408000.0,,,56104000.0,381360000.0,53392000.0,-171539000.0,123240000.0
MTEX,2015-12-31,False,FY,2015,10-K,180300000.0,12144000.0,5839000.0,2.18,2.14,0.0,68642000.0,49885000.0,26379000.0,31994000.0,38564000.0,4386000.0,-1979000.0,142000.0
MRTN,2015-12-31,False,FY,2015,10-K,664994000.0,61063000.0,35745000.0,1.07,1.06,0.1,631528000.0,100050000.0,49876000.0,434000.0,409421000.0,128238000.0,-125081000.0,-2846000.0
MATR,2015-12-31,False,FY,2015,10-K,39912000.0,-15056000.0,-16269000.0,-0.7,-0.7,0.0,40402000.0,25087000.0,13977000.0,15407000.0,9137000.0,-6389000.0,-5838000.0,13405000.0
MTSN,2015-12-31,False,FY,2015,10-K,172532000.0,11520000.0,10315000.0,0.14,0.13,0.0,123313000.0,112828000.0,32958000.0,33427000.0,87524000.0,10741000.0,-1190000.0,1701000.0
MBVT,2015-12-31,False,FY,2015,10-K,64076000.0,,12618000.0,1.98,1.98,1.12,2021237000.0,,,30605000.0,148054000.0,20080000.0,-143401000.0,119045000.0
MBRG,2015-12-31,False,FY,2015,10-K,5400000.0,52671000.0,7830000.0,1.1,1.09,0.46,1294863000.0,,,5489000.0,123554000.0,12303000.0,-93337000.0,65240000.0
NERV,2015-12-31,False,FY,2015,10-K,,-26109619.0,-27081632.0,-1.16,-1.16,0.0,82576391.0,33480822.0,5319963.0,14284054.0,55319557.0,-24269419.0,-18329588.0,38337359.0
MCRI,2015-12-31,False,FY,2015,10-K,247170000.0,32555000.0,20659000.0,1.22,1.19,0.0,274846000.0,31787000.0,70927000.0,21164000.0,203919000.0,38241000.0,-38025000.0,-635000.0
MLNK,2016-01-31,False,Q2,2016,10-Q,119966000.0,-11663000.0,-13948000.0,-0.27,-0.27,0.0,465358000.0,434409000.0,257612000.0,141434000.0,114859000.0,-18949000.0,41999000.0,-192000.0
MNRK,2015-12-31,False,FY,2015,10-K,132509275.0,,13214821.0,1.12,1.11,0.24,1161448155.0,,,73879510.0,117722410.0,-6251155.0,-65902088.0,80603779.0
MHGC,2015-12-31,False,FY,2015,10-K,219982000.0,11870000.0,5451000.0,0.15,0.15,0.0,561778000.0,,,45925000.0,-209438000.0,5691000.0,28513000.0,-1772000.0
NSTG,2015-12-31,False,FY,2015,10-K,56639000.0,-41242000.0,-45581000.0,-2.4,-2.4,0.0,92869000.0,82793000.0,20911000.0,21856000.0,20215000.0,-43362000.0,23769000.0,24268000.0
NCOM,2015-12-31,False,FY,2015,10-K,54845000.0,,9605000.0,1.04,1.02,0.0,1763369000.0,,,27173000.0,216636000.0,25666000.0,-225166000.0,288522000.0
NWLI,2015-12-31,False,FY,2015,10-K,589796000.0,93710000.0,98396000.0,41.739999999999995,41.730000000000004,0.0,11612576000.0,,,106007000.0,1611986000.0,346224000.0,-524407000.0,6898000.0
NEOND,2015-12-31,False,FY,2015,10-K,11115000.0,-7696000.0,-7820000.0,-0.19,-0.19,0.0,5927000.0,5333000.0,3811000.0,3082000.0,1833000.0,-8063000.0,-198000.0,5368000.0
NATR,2015-12-31,False,FY,2015,10-K,324705000.0,13872000.0,14687000.0,0.79,0.77,0.4,200520000.0,101518000.0,53136000.0,41420000.0,136265000.0,10162000.0,-18592000.0,-7578000.0
CUR,2015-12-31,False,FY,2015,10-K,10417.0,-19156528.0,-20903901.0,-0.23,-0.23,0.0,15048264.0,13520646.0,6515034.0,4716533.0,4967278.0,-18931666.0,7246441.0,3887187.0
NRIM,2015-12-31,False,FY,2015,10-K,19296000.0,,17783000.0,2.59,2.56,0.74,1499492000.0,,,30989000.0,177214000.0,10519000.0,-63339000.0,42937000.0
NTLS,2015-12-31,False,FY,2015,10-K,362640000.0,31561000.0,-12206000.0,-0.57,-0.57,0.0,642989000.0,176642000.0,69966000.0,72687000.0,-39026000.0,4151000.0,1882000.0,-6892000.0
NMRX,2015-12-31,False,FY,2015,10-K,89450000.0,-8583000.0,-19157000.0,-1.0,-1.0,0.0,111627000.0,37511000.0,19946000.0,16237000.0,72596000.0,8877000.0,-5300000.0,-4610000.0
MIFI,2015-12-31,False,FY,2015,10-K,220942000.0,-37791000.0,-52286000.0,-0.99,-0.99,0.0,198753000.0,110976000.0,64212000.0,12570000.0,30463000.0,-26936000.0,-97087000.0,119167000.0
NVEE,2015-12-31,False,FY,2015,10-K,154655000.0,,8492000.0,1.25,1.18,0.0,111769000.0,73755000.0,22243000.0,23476000.0,80763000.0,5972000.0,-11028000.0,21660000.0
OPTT,2016-01-31,False,Q3,2016,10-Q,5203.0,-3442421.0,-1957969.0,-1.05,-1.05,0.0,10609678.0,10107186.0,3244964.0,9413258.0,6764714.0,-8076021.0,112936.0,126001.0
OCRX,2015-12-31,False,FY,2015,10-K,133000.0,,-26522000.0,-1.33,-1.33,0.0,44737000.0,44022000.0,3834000.0,35921000.0,31394000.0,-20614000.0,33205000.0,13203000.0
OLBK,2015-12-31,False,FY,2015,10-K,985480.0,,10468586.0,0.98,0.97,0.21,1510088889.0,281441.0,,43700692.0,143988889.0,14002256.0,-135474897.0,139768597.0
OSBC,2015-12-31,False,FY,2015,10-K,97458000.0,,13512000.0,0.46,0.46,0.0,2077863000.0,,,40338000.0,155929000.0,21137000.0,-32196000.0,7200000.0
ONTY,2015-12-31,False,FY,2015,10-K,,-32789000.0,-32581000.0,-0.34,-0.34,0.0,96574000.0,57978000.0,4795000.0,27850000.0,83735000.0,-28870000.0,23700000.0,22566000.0
OPOF,2015-12-31,False,FY,2015,10-K,43431000.0,,3634000.0,0.73,0.73,0.34,896787000.0,,,36990000.0,93176000.0,7833000.0,-15413000.0,11265000.0
OSUR,2015-12-31,False,FY,2015,10-K,119719000.0,8058000.0,8167000.0,0.14,0.14,0.0,189321000.0,136714000.0,25234000.0,94094000.0,159436000.0,15773000.0,-6705000.0,-5686000.0
OCC,2016-01-31,False,Q1,2016,10-Q,14047890.0,-1603110.0,-1745021.0,-0.28,-0.28,0.0,42159685.0,26655000.0,4843623.0,538695.0,24324016.0,16217.0,-312315.0,-248279.0
ORRF,2015-12-31,False,FY,2015,10-K,17938000.0,,7874000.0,0.97,0.97,0.22,1292816000.0,,,28340000.0,133061000.0,12158000.0,-107346000.0,92119000.0
OTEL,2015-12-31,False,FY,2015,10-K,71102000.0,19255000.0,7484000.0,2.31,2.26,0.0,118581000.0,18529000.0,10871000.0,6884000.0,-16160000.0,21013000.0,-6612000.0,-12599000.0
PACB,2015-12-31,False,FY,2015,10-K,92782000.0,-29134000.0,-31696000.0,-0.1,-0.1,0.0,131107000.0,110541000.0,38178000.0,33629000.0,73540000.0,-47889000.0,8606000.0,36463000.0
PCBK,2015-12-31,False,FY,2015,10-K,80861000.0,,18751000.0,0.97,0.97,0.42,1909478000.0,,,23819000.0,218491000.0,30013000.0,-148696000.0,129571000.0
PMBC,2015-12-31,False,FY,2015,10-K,41483000.0,,11002000.0,0.54,0.53,0.0,1062389000.0,,,10645000.0,133916000.0,1928000.0,-14360000.0,-50782000.0
PKOH,2015-12-31,False,FY,2015,10-K,1463800000.0,97900000.0,48100000.0,3.94,3.88,0.5,946600000.0,549600000.0,225200000.0,62000000.0,212200000.0,44700000.0,-36500000.0,700000.0
PATK,2015-12-31,False,FY,2015,10-K,920333000.0,69918000.0,42219000.0,2.76,2.72,0.0,386049000.0,139738000.0,57926000.0,87000.0,128597000.0,65630000.0,-147387000.0,81721000.0
PFIS,2015-12-31,False,FY,2015,10-K,9359000.0,,17723000.0,2.36,2.36,1.24,1819058000.0,,,28218000.0,248768000.0,28237000.0,-89210000.0,62464000.0
PEBK,2015-12-31,False,FY,2015,10-K,3979000.0,,9633000.0,1.73,1.72,0.28,1038481000.0,,,29194000.0,104864000.0,13863000.0,-30126000.0,-13072000.0
PGTI,2016-01-02,False,FY,2015,10-K,389810000.0,50942000.0,23552000.0,0.49,0.47,0.0,345729000.0,126989000.0,21544000.0,61493000.0,106961000.0,32456000.0,-17391000.0,3959000.0
PICO,2015-12-31,False,FY,2015,10-K,266663000.0,,-81858000.0,-1.49,-1.49,0.0,663609000.0,,,56462000.0,434004000.0,-48923000.0,106593000.0,-63248000.0
PLUG,2015-12-31,False,FY,2015,10-K,103288000.0,-59002000.0,-55795000.0,-0.32,-0.32,0.0,209456000.0,131230000.0,42706000.0,63961000.0,124736000.0,-47274000.0,-2024000.0,-32923000.0
PLPC,2015-12-31,False,FY,2015,10-K,-24429000.0,12349000.0,6675000.0,1.25,1.24,0.8,324573000.0,188497000.0,51891000.0,30393000.0,218984000.0,20229000.0,-10862000.0,-12657000.0
PGNX,2015-12-31,False,FY,2015,10-K,8676000.0,-39304000.0,-39112000.0,-0.56,-0.56,0.0,131251000.0,83285000.0,9729000.0,74103000.0,90661000.0,-40137000.0,-6524000.0,1445000.0
PRTO,2015-12-31,False,FY,2015,10-K,,-20870000.0,-21377000.0,-1.3,-1.3,0.0,67538000.0,66608000.0,4133000.0,40031000.0,63405000.0,-17566000.0,-11331000.0,163000.0
QCRH,2015-12-31,False,FY,2015,10-K,114532976.0,,16927881.0,1.64,1.61,0.08,2593198275.0,,,41957855.0,225885750.0,30098622.0,-65857618.0,40747626.0
ROIA,2015-12-31,False,FY,2015,10-K,450861000.0,36167000.0,-74022000.0,-1.54,-1.54,0.0,1346524000.0,213559000.0,83406000.0,67376000.0,-71824000.0,41752000.0,-219261000.0,177104000.0
RELY,2015-12-31,False,FY,2015,10-K,1145600000.0,10200000.0,-9200000.0,-1.28,-1.28,0.0,700900000.0,271800000.0,155100000.0,35700000.0,142400000.0,92500000.0,-477300000.0,358000000.0
REGI,2015-12-31,False,FY,2015,10-K,1387344000.0,-154733000.0,-151392000.0,-3.44,-3.44,0.0,1223620000.0,475584000.0,293971000.0,47081000.0,614010000.0,80160000.0,-67922000.0,-27274000.0
RBCA,2015-12-31,False,FY,2015,10-K,190426000.0,,35166000.0,3.25,3.24,0.781,4230289000.0,,,210082000.0,576547000.0,50046000.0,-358208000.0,445366000.0
RPRX,2015-12-31,False,FY,2015,10-K,11000.0,,-29192000.0,-1.2,-1.2,0.0,21485000.0,21477000.0,2918000.0,21393000.0,18567000.0,-25329000.0,0.0,102000.0
REXI,2015-12-31,False,FY,2015,10-K,99855000.0,18823000.0,6188000.0,0.28,0.28,0.24,211195000.0,,,24132000.0,160119000.0,32778000.0,-16023000.0,-26570000.0
FRBK,2015-12-31,False,FY,2015,10-K,34000.0,,2433000.0,0.06,0.06,0.0,1439443000.0,,,27139000.0,113375000.0,-1084000.0,-6400000.0,64000.0
NAME,2015-12-31,False,FY,2015,10-K,212486000.0,,-11324000.0,-0.6,-0.6,0.0,337304000.0,139770000.0,132840000.0,45095000.0,143287000.0,2928000.0,-4897000.0,-2679000.0
FUEL,2015-12-31,False,FY,2015,10-K,461637000.0,-201649000.0,-210545000.0,-4.95,-4.95,0.0,347054000.0,209442000.0,168464000.0,78560000.0,133900000.0,4461000.0,-23592000.0,-9394000.0
RBCN,2015-12-31,False,FY,2015,10-K,23818000.0,-75949000.0,-77830000.0,-2.98,-2.98,0.0,119242000.0,60257000.0,6702000.0,21216000.0,111986000.0,-16716000.0,10737000.0,1509000.0
SALM,2015-12-31,False,FY,2015,10-K,265787000.0,33022000.0,11150000.0,0.43,0.43,0.26,597375000.0,56799000.0,43654000.0,98000.0,209821000.0,36130000.0,-29183000.0,-6882000.0
RBNF,2015-12-31,False,FY,2015,10-K,41634000.0,,6663000.0,1.36,1.19,0.0,733071000.0,,,20459000.0,81241000.0,8615000.0,-54692000.0,38339000.0
SCLN,2015-12-31,False,FY,2015,10-K,157257000.0,29911000.0,29463000.0,0.59,0.56,0.0,216619000.0,168521000.0,36820000.0,101403000.0,179712000.0,32507000.0,-9010000.0,-8419000.0
SBCF,2015-12-31,False,FY,2015,10-K,149012000.0,,22141000.0,0.66,0.66,0.0,3534780000.0,,,81216000.0,353453000.0,22989000.0,-164381000.0,176920000.0
MCRB,2015-12-31,False,FY,2015,10-K,0.0,-54856000.0,-54780000.0,-2.33,-2.33,0.0,216900000.0,207610000.0,10920000.0,73933000.0,205394000.0,-40844000.0,-137133000.0,137725000.0
SQBG,2015-12-31,False,FY,2015,10-K,88262000.0,29651000.0,-2871000.0,-0.07,-0.06,0.0,1297772000.0,94586000.0,44879000.0,41560000.0,525649000.0,-8951000.0,-341846000.0,369836000.0
SHBI,2015-12-31,False,FY,2015,10-K,54287000.0,,7108000.0,0.56,0.56,0.04,1135143000.0,,,15080000.0,146967000.0,15115000.0,-65348000.0,27821000.0
BSRR,2015-12-31,False,FY,2015,10-K,80422000.0,,18067000.0,1.34,1.33,0.42,1796537000.0,,,48623000.0,190340000.0,11408000.0,1104000.0,-13091000.0
SIFI,2015-12-31,False,FY,2015,10-K,765000.0,,4348000.0,0.36,0.36,0.16,1481834000.0,,,40778000.0,154330000.0,13699000.0,-136770000.0,124598000.0
SZMK,2015-12-31,False,FY,2015,10-K,172731000.0,-142031000.0,-136948000.0,-4.63,-4.63,0.0,177985000.0,113425000.0,43923000.0,42046000.0,125530000.0,-2961000.0,-39793000.0,-5087000.0
SRNE,2015-12-31,False,FY,2015,10-K,4590000.0,-74005000.0,-45811000.0,-1.24,-1.24,0.0,343519000.0,141018000.0,30873000.0,39038000.0,140938000.0,-42069000.0,12552000.0,-3347000.0
SZYM,2015-12-31,False,FY,2015,10-K,46131000.0,-105828000.0,-141447000.0,-1.76,-1.76,0.0,182423000.0,118944000.0,25330000.0,46966000.0,-46475000.0,-85115000.0,89117000.0,708000.0
SPPI,2015-12-31,False,FY,2015,10-K,162556000.0,-40732000.0,-50785000.0,-0.78,-0.78,0.0,421220000.0,191324000.0,76343000.0,139741000.0,212857000.0,6744000.0,2838000.0,1471000.0
ONCE,2015-12-31,False,FY,2015,10-K,22063674.0,-47317811.0,-47760572.0,-2.1,-2.1,0.0,329772514.0,311607784.0,22115651.0,293530590.0,290537795.0,-47478227.0,-4521769.0,270963623.0
STAA,2016-01-01,False,FY,2015,10-K,77123000.0,-5337000.0,-6533000.0,-0.17,-0.17,0.0,62954000.0,49073000.0,17887000.0,13402000.0,38846000.0,-2162000.0,-2043000.0,4579000.0
STXS,2015-12-31,False,FY,2015,10-K,37674524.0,-5410528.0,-7352775.0,-0.35,-0.35,0.0,19226914.0,17259545.0,16138590.0,5593582.0,-17625654.0,-2528501.0,-153151.0,1004933.0
STML,2015-12-31,False,FY,2015,10-K,822604.0,-37633359.0,-37243861.0,-2.15,-2.15,0.0,98215623.0,46691330.0,9455477.0,13376196.0,88111956.0,-25589442.0,-50922458.0,64880879.0
STRL,2015-12-31,False,FY,2015,10-K,623595000.0,-14387000.0,-20402000.0,-2.02,-2.02,0.0,267284000.0,134921000.0,104647000.0,4426000.0,95754000.0,8969000.0,-4488000.0,-22898000.0
SXCL,2015-12-31,False,FY,2015,10-K,132620000.0,-40667000.0,-97407000.0,-8.5,-8.5,0.0,344822000.0,187315000.0,33328000.0,31707000.0,267855000.0,26524000.0,-5179000.0,-41540000.0
SCMP,2015-12-31,False,FY,2015,10-K,153180000.0,44459000.0,33371000.0,0.76,0.73,0.0,457181000.0,251360000.0,88127000.0,108284000.0,86449000.0,18585000.0,-131151000.0,149341000.0
RUN,2015-12-31,False,FY,2015,10-K,304606000.0,-219200000.0,-53136000.0,-0.96,-0.96,0.0,2738146000.0,360494000.0,253167000.0,203864000.0,659560000.0,-105266000.0,-627489000.0,784465000.0
SNSS,2015-12-31,False,FY,2015,10-K,3061000.0,-39302000.0,-36676000.0,-0.5,-0.5,0.0,47002000.0,46988000.0,18999000.0,26886000.0,27393000.0,-38731000.0,1247000.0,42184000.0
SNBC,2015-12-31,False,FY,2015,10-K,97833000.0,,10220000.0,0.55,0.55,0.0,2210584000.0,,,21836000.0,256388000.0,-1606000.0,162894000.0,-505406000.0
SUNW,2015-12-31,False,FY,2015,10-K,53713000.0,2371000.0,1056000.0,0.06,0.05,0.0,34864000.0,22719000.0,11045000.0,12040000.0,23542000.0,1253000.0,-3038000.0,13411000.0
TTGT,2015-12-31,False,FY,2015,10-K,111826000.0,12170000.0,7186000.0,0.22,0.21,0.0,177859000.0,61793000.0,15031000.0,14783000.0,160001000.0,11263000.0,-4933000.0,-10805000.0
TTEC,2015-12-31,False,FY,2015,10-K,-12410000.0,90180000.0,61666000.0,1.27,1.26,0.0,843327000.0,415072000.0,206906000.0,60304000.0,440817000.0,133750000.0,-77169000.0,-52900000.0
TBNK,2015-12-31,False,FY,2015,10-K,68003000.0,,14748000.0,1.63,1.59,0.76,1821141000.0,,,10318000.0,219641000.0,17111000.0,-132354000.0,106102000.0
ABCO,2015-12-31,False,FY,2015,10-K,768348000.0,-54400000.0,-119014000.0,-2.84,-2.84,0.0,1979866000.0,699920000.0,725374000.0,71825000.0,449091000.0,161934000.0,-791675000.0,628630000.0
PRSC,2015-12-31,False,FY,2015,10-K,1695446000.0,23996000.0,68601000.0,4.3,4.3,0.0,1053976000.0,319724000.0,295272000.0,84770000.0,290132000.0,13240000.0,143290000.0,-231255000.0
TBPH,2015-12-31,False,FY,2015,10-K,42126000.0,-181899000.0,-182219000.0,-5.34,-5.34,0.0,300116000.0,237472000.0,49470000.0,112707000.0,243065000.0,-168857000.0,111039000.0,81310000.0
TACT,2015-12-31,False,FY,2015,10-K,59676000.0,4468000.0,3092000.0,0.4,0.39,0.32,32569000.0,25312000.0,6329000.0,4473000.0,25728000.0,5547000.0,-955000.0,-3238000.0
TZOO,2015-12-31,False,FY,2015,10-K,141716000.0,7146000.0,10864000.0,0.74,0.74,0.0,68579000.0,57061000.0,41015000.0,35128000.0,21387000.0,4192000.0,-1218000.0,-20012000.0
PRTS,2016-01-02,False,FY,2015,10-K,291091000.0,-2055000.0,-1522000.0,-0.04,-0.04,0.0,83756000.0,62529000.0,48924000.0,5537000.0,22143000.0,5745000.0,-7792000.0,-105000.0
UFPT,2015-12-31,False,FY,2015,10-K,138850000.0,11714000.0,7593000.0,1.07,1.05,0.0,119950000.0,63603000.0,10983000.0,29804000.0,103572000.0,13098000.0,-16268000.0,-1078000.0
UCFC,2015-12-31,False,FY,2015,10-K,85352000.0,,16282000.0,0.34,0.34,0.07,1987989000.0,,,35910000.0,244245000.0,14073000.0,-148300000.0,-13674000.0
USBI,2015-12-31,False,FY,2015,10-K,1453000.0,,2595000.0,0.42,0.41,0.08,575782000.0,,,7088000.0,76316000.0,7400000.0,473000.0,2033000.0
UEIC,2015-12-31,False,FY,2015,10-K,602833000.0,35919000.0,29174000.0,1.91,1.88,0.0,495220000.0,315324000.0,215124000.0,52966000.0,257908000.0,26094000.0,-47649000.0,-35142000.0
VALU,2016-01-31,False,Q3,2016,10-Q,8599000.0,557000.0,1913000.0,0.2,0.2,0.16,85701000.0,17923000.0,24206000.0,10351000.0,35007000.0,317000.0,9372000.0,-5212000.0
VCYT,2015-12-31,False,FY,2015,10-K,49503000.0,-33466000.0,-33704000.0,-1.3,-1.3,0.0,75285000.0,47933000.0,14722000.0,39084000.0,51252000.0,-26965000.0,-6698000.0,37733000.0
ASTM,2015-12-31,False,FY,2015,10-K,51168000.0,-16671000.0,-23076000.0,-0.97,-0.97,0.0,34309000.0,27343000.0,12108000.0,14581000.0,22130000.0,-13346000.0,-2392000.0,-24000.0
VICL,2015-12-31,False,FY,2015,10-K,20950000.0,-9404000.0,-9238000.0,-0.1,-0.1,0.0,49914000.0,44498000.0,4162000.0,13450000.0,45393000.0,-6948000.0,-53000.0,-20000.0
WAYN,2015-12-31,False,FY,2015,10-K,16389000.0,,1647000.0,0.6,0.6,0.36,433632000.0,,,3487000.0,39905000.0,4083000.0,-19160000.0,15450000.0
WLB,2015-12-31,False,FY,2015,10-K,1411048000.0,-132341000.0,-203317000.0,-11.36,-11.36,0.0,1502396000.0,320813000.0,312670000.0,22936000.0,-601884000.0,45562000.0,-70801000.0,36723000.0
WFD,2015-12-31,False,FY,2015,10-K,7283000.0,,5715000.0,0.33,0.33,0.12,1339930000.0,,,13703000.0,139466000.0,5877000.0,-30907000.0,-6002000.0
WLFC,2015-12-31,False,FY,2015,10-K,199610000.0,12969000.0,7356000.0,0.94,0.92,0.0,1308577000.0,,,9732000.0,210332000.0,109121000.0,-157992000.0,45110000.0
XCRA,2016-01-31,False,Q2,2016,10-Q,72334000.0,-4584000.0,2548000.0,0.05,0.05,0.0,368868000.0,282805000.0,68804000.0,75194000.0,266691000.0,-9235000.0,21042000.0,-13272000.0
ZGNX,2015-12-31,False,FY,2015,10-K,27182000.0,-47726000.0,26144000.0,1.22,1.22,0.0,305987000.0,184596000.0,30079000.0,155349000.0,182760000.0,-64602000.0,85545000.0,92201000.0
ZLTQ,2015-12-31,False,FY,2015,10-K,255416000.0,3694000.0,41802000.0,1.08,1.02,0.0,178827000.0,121802000.0,53400000.0,35710000.0,124302000.0,7743000.0,445000.0,-418000.0
ZYNC,2015-12-31,False,FY,2015,10-K,278900.0,-12531159.0,-12551350.0,-2.82,-2.82,0.0,43643541.0,43415695.0,3937617.0,41513060.0,39705924.0,-9786799.0,-216335.0,42185513.0
ZUMZ,2016-01-30,False,FY,2015,10-K,804183000.0,46165000.0,28785000.0,1.05,1.04,0.0,414695000.0,198897000.0,69142000.0,43163000.0,296957000.0,48607000.0,64730000.0,-90758000.0
