symbol,end_date,amend,period_focus,fiscal_year,doc_type,revenues,op_income,net_income,eps_basic,eps_diluted,dividend,assets,cur_assets,cur_liab,cash,equity,cash_flow_op,cash_flow_inv,cash_flow_fin
EVBN,2016-03-31,False,Q1,2016,10-Q,12350000.0,,1714000.0,0.4,0.4,0.38,989915000.0,,,11287000.0,92160000.0,3044000.0,-40412000.0,48139000.0
AUMN,2016-03-31,False,Q1,2016,10-Q,1463000.0,-2349000.0,-6287000.0,-0.09,-0.09,0.0,14031000.0,3777000.0,3295000.0,2109000.0,6969000.0,-2018000.0,50000.0,
IHT,2016-01-31,False,FY,2016,10-K,3623640.0,-1380000.0,432116.0,0.04,0.03,0.01,23940689.0,3325922.0,3649473.0,1795666.0,6970729.0,-603860.0,653883.0,1399977.0
TIS,2016-03-31,False,Q1,2016,10-Q,47743000.0,8282000.0,5409000.0,0.53,0.52,0.35,271089000.0,44785000.0,22232000.0,8039000.0,135830000.0,8863000.0,-20785000.0,15600000.0
STS,2016-03-26,False,Q1,2016,10-Q,69449903.0,5782182.0,3759353.0,0.23,0.22,0.03,125394988.0,79071843.0,24129020.0,6112739.0,91904815.0,-4823673.0,-422584.0,-5888895.0
AVHI,2016-03-31,False,Q1,2016,10-Q,124090000.0,,791000.0,0.04,0.04,0.0,723017000.0,,,15574000.0,303296000.0,-19239000.0,-271000.0,-11814000.0
ACHC,2016-03-31,False,Q1,2016,10-Q,725667000.0,131012000.0,25688000.0,0.31,0.31,0.0,6696359000.0,393265000.0,408810000.0,36582000.0,2562870000.0,58664000.0,-685447000.0,653969000.0
ARAY,2016-03-31,False,Q3,2016,10-Q,105284000.0,5442000.0,756000.0,0.01,0.01,0.0,490020000.0,380646000.0,229631000.0,79155000.0,62347000.0,13565000.0,-12902000.0,-994000.0
ACRX,2016-03-31,False,Q1,2016,10-Q,3025000.0,-8522000.0,-10981000.0,-0.24,-0.25,0.0,121225000.0,112794000.0,16804000.0,105429000.0,23443000.0,-6229000.0,3615000.0,121000.0
ACNB,2016-03-31,False,Q1,2016,10-Q,12836000.0,,2547000.0,0.42,0.42,0.2,1152354000.0,,,12948000.0,116942000.0,3797000.0,-6400000.0,22000.0
ACUR,2016-03-31,False,Q1,2016,10-Q,224000.0,-3138000.0,-3384000.0,-0.28,-0.28,0.0,14421000.0,11632000.0,4428000.0,3282000.0,4754000.0,-1922000.0,3128000.0,-409000.0
ADRO,2016-03-31,False,Q1,2016,10-Q,4030000.0,-26033000.0,-28827000.0,-0.45,-0.45,0.0,468012000.0,413571000.0,41093000.0,120133000.0,240277000.0,-23363000.0,-9420000.0,2460000.0
APC,2016-03-31,False,Q1,2016,10-Q,1674000000.0,-864000000.0,-1035000000.0,-2.03,-2.03,0.05,47922000000.0,5767000000.0,6657000000.0,2947000000.0,14701000000.0,-137000000.0,-973000000.0,3119000000.0
ALXN,2016-03-31,False,Q1,2016,10-Q,701038000.0,165846000.0,92166000.0,0.41,0.41,0.0,12802445000.0,2127509000.0,603613000.0,710198000.0,8062277000.0,167984000.0,-5665000.0,-466257000.0
AFOP,2016-03-31,False,Q1,2016,10-Q,12485000.0,-649000.0,-536000.0,-0.03,-0.03,0.0,79743000.0,52635000.0,14363000.0,13076000.0,63301000.0,2811000.0,4235000.0,19000.0
AFOP,2015-12-31,True,FY,2015,10-K,81189000.0,19194000.0,13038000.0,0.74,0.73,0.0,80633000.0,53423000.0,15569000.0,6157000.0,62870000.0,14066000.0,7530000.0,-38098000.0
ALGT,2016-03-31,False,Q1,2016,10-Q,348615000.0,121126000.0,71980000.0,4.29,4.29,0.3,1404795000.0,400515000.0,423135000.0,102134000.0,362461000.0,160439000.0,-66089000.0,-79328000.0
AIQ,2015-12-31,True,FY,2015,10-K,473054000.0,,6742000.0,0.63,0.62,0.0,616750000.0,134443000.0,100911000.0,38070000.0,-77620000.0,92461000.0,-118461000.0,31037000.0
AIMC,2016-03-31,False,Q1,2016,10-Q,180453000.0,14977000.0,8810000.0,0.34,0.34,0.15,635930000.0,288155000.0,97814000.0,44843000.0,250571000.0,6050000.0,-5653000.0,-4627000.0
AMZN,2016-03-31,False,Q1,2016,10-Q,29128000000.0,1071000000.0,513000000.0,1.09,1.07,0.0,61128000000.0,30513000000.0,28187000000.0,12470000000.0,14756000000.0,-2160000000.0,-693000000.0,-789000000.0
ATAX,2016-03-31,False,Q1,2016,10-Q,14927956.0,2531700.0,2530004.0,0.04,0.04,0.0,874452838.0,,,17822453.0,,4865585.0,6084465.0,-10163379.0
ARII,2016-03-31,False,Q1,2016,10-Q,176180000.0,40697000.0,22792000.0,1.16,1.16,0.4,1423516000.0,343899000.0,75965000.0,208081000.0,541232000.0,57868000.0,-22870000.0,-124967000.0
AMSF,2016-03-31,False,Q1,2016,10-Q,102335000.0,,24257000.0,1.27,1.27,0.18,1557560000.0,,,79290000.0,478753000.0,30334000.0,-17930000.0,-2595000.0
AMGN,2016-03-31,False,Q1,2016,10-Q,5527000000.0,2402000000.0,1900000000.0,2.52,2.5,1.0,75116000000.0,42206000000.0,8523000000.0,2896000000.0,28682000000.0,1915000000.0,-4390000000.0,1227000000.0
ANCB,2016-03-31,False,Q3,2016,10-Q,5368000.0,,101000.0,0.04,0.04,0.0,420002000.0,,,17641000.0,64101000.0,4584000.0,-38953000.0,37560000.0
AUBN,2016-03-31,False,Q1,2016,10-Q,7579000.0,,2191000.0,0.6,0.6,0.225,833328000.0,,,132987000.0,82887000.0,1331000.0,5275000.0,12451000.0
ATRC,2016-03-31,False,Q1,2016,10-Q,35940000.0,-9419000.0,-9724000.0,-0.31,-0.31,0.0,261710000.0,65393000.0,26194000.0,20768000.0,181027000.0,-10931000.0,6996000.0,790000.0
BMRN,2016-03-31,False,Q1,2016,10-Q,236736000.0,-80917000.0,-85142000.0,-0.53,-0.53,0.0,3666993000.0,992790000.0,388011000.0,270453000.0,2290236000.0,-171553000.0,76999000.0,-37165000.0
BJRI,2016-03-29,False,Q1,2016,10-Q,243401000.0,16393000.0,11644000.0,0.48,0.47,0.0,671704000.0,72098000.0,120161000.0,26950000.0,305617000.0,46817000.0,-25333000.0,-29138000.0
BDE,2016-03-31,False,Q1,2016,10-Q,38207000.0,-3873000.0,-4013000.0,-0.13,-0.13,0.0,221467000.0,175204000.0,19522000.0,86335000.0,170568000.0,1031000.0,-1506000.0,-1662000.0
BOKF,2016-03-31,False,Q1,2016,10-Q,361540000.0,,42026000.0,0.64,0.64,0.43,31413945000.0,,,481510000.0,3356265000.0,5238000.0,30940000.0,-367105000.0
BBRG,2016-03-27,False,Q1,2016,10-Q,108800000.0,3192000.0,2248000.0,0.15,0.15,0.0,241377000.0,12332000.0,58586000.0,320000.0,55860000.0,2423000.0,-3776000.0,1226000.0
BSFT,2016-03-31,False,Q1,2016,10-Q,73136000.0,-419000.0,-1509000.0,-0.04,-0.04,0.0,596030000.0,345720000.0,127484000.0,145840000.0,266777000.0,19079000.0,-48075000.0,-1375000.0
BWLD,2016-03-27,False,Q1,2016,10-Q,508257000.0,46603000.0,32773000.0,1.73,1.73,0.0,971475000.0,97685000.0,181615000.0,11693000.0,664048000.0,77101000.0,-37954000.0,-38464000.0
CFNB,2016-03-31,False,Q3,2016,10-Q,7334000.0,,1611000.0,0.15,0.15,0.0,860890000.0,,,79456000.0,186865000.0,4240000.0,-115155000.0,130131000.0
CKEC,2016-03-31,False,Q1,2016,10-Q,206188000.0,15608000.0,2225000.0,0.09,0.09,0.0,910195000.0,137032000.0,104879000.0,95723000.0,290696000.0,8891000.0,-9937000.0,-5742000.0
CAVM,2016-03-31,False,Q1,2016,10-Q,101882000.0,-3364000.0,-3833000.0,-0.07,-0.07,0.0,439974000.0,265548000.0,57705000.0,129629000.0,368645000.0,4862000.0,-8757000.0,-1122000.0
CEMP,2016-03-31,False,Q1,2016,10-Q,2679000.0,-29174000.0,-29406000.0,-0.61,-0.61,0.0,228923000.0,228696000.0,19347000.0,223609000.0,184644000.0,-24176000.0,,94020000.0
CERU,2016-03-31,False,Q1,2016,10-Q,,,-13542000.0,-0.49,-0.49,0.0,63024000.0,62101000.0,15581000.0,60515000.0,35983000.0,-13260000.0,-242000.0,-1891000.0
CTHR,2016-03-31,False,Q1,2016,10-Q,11393271.0,-743765.0,-1307422.0,-0.06,-0.06,0.0,41768946.0,25401587.0,3246119.0,11580162.0,37415377.0,5975691.0,330166.0,0.0
CGNX,2016-04-03,False,Q1,2016,10-Q,96205000.0,16344000.0,14885000.0,0.18,0.17,0.07,913637000.0,492930000.0,54305000.0,79914000.0,850719000.0,27580000.0,1481000.0,-2510000.0
COHU,2016-03-26,False,Q1,2016,10-Q,65778000.0,-1732000.0,-1911000.0,-0.07,-0.07,0.06,352814000.0,243032000.0,72086000.0,104945000.0,236966000.0,-1459000.0,-8006000.0,-1968000.0
COBZ,2016-03-31,False,Q1,2016,10-Q,38883000.0,,7365000.0,0.18,0.18,0.045,3357000000.0,,,46024000.0,277811000.0,7243000.0,-7836000.0,-3369000.0
CNMD,2016-03-31,False,Q1,2016,10-Q,181201000.0,3539000.0,-2265000.0,-0.08,-0.08,0.2,1342783000.0,367934000.0,103158000.0,19894000.0,582289000.0,-17280000.0,-259213000.0,223162000.0
CPSS,2016-03-31,False,Q1,2016,10-Q,100649000.0,,7214000.0,0.29,0.24,0.0,2249958000.0,,,16191000.0,166689000.0,60526000.0,-170828000.0,107171000.0
COWN,2016-03-31,False,Q1,2016,10-Q,101039000.0,,-5396000.0,-0.05,-0.05,0.0,1874936000.0,,,67046000.0,782920000.0,-340620000.0,16567000.0,232614000.0
CACC,2016-03-31,False,Q1,2016,10-Q,227900000.0,,74400000.0,3.64,3.63,0.0,3704000000.0,,,9100000.0,991400000.0,91700000.0,-344300000.0,255400000.0
CUTR,2016-03-31,False,Q1,2016,10-Q,22423000.0,-2171000.0,-2051000.0,-0.16,-0.16,0.0,74694000.0,71045000.0,22485000.0,6265000.0,49589000.0,-4044000.0,-721000.0,162000.0
TACO,2016-03-22,False,Q1,2016,10-Q,93550000.0,6740000.0,3061000.0,0.08,0.08,0.0,704158000.0,21080000.0,49184000.0,13404000.0,371159000.0,9226000.0,-4617000.0,-1399000.0
DENN,2016-03-30,False,Q1,2016,10-Q,124642000.0,18233000.0,9954000.0,0.13,0.13,0.0,288837000.0,30634000.0,79528000.0,4137000.0,-57427000.0,8658000.0,-3544000.0,-2648000.0
DIGIRAD,2016-03-31,False,Q1,2016,10-Q,31157000.0,-553000.0,11609000.0,0.6,0.58,0.05,116435000.0,32237000.0,23164000.0,7202000.0,65015000.0,736000.0,-26392000.0,16990000.0
BOOM,2016-03-31,False,Q1,2016,10-Q,40532000.0,-85000.0,-413000.0,-0.03,-0.03,0.02,183992000.0,87333000.0,35026000.0,5595000.0,122312000.0,3805000.0,-415000.0,-4284000.0
EML,2016-04-02,False,Q1,2016,10-Q,33101657.0,960864.0,648073.0,0.1,0.1,0.11,119278203.0,73514441.0,12441462.0,16728086.0,80007609.0,657730.0,-338270.0,-1401724.0
ECHO,2016-03-31,False,Q1,2016,10-Q,405277532.0,3820994.0,262611.0,0.01,0.01,0.0,742758214.0,260838282.0,145267334.0,43518677.0,380658262.0,14349978.0,-4311663.0,-23041832.0
EFII,2016-03-31,False,Q1,2016,10-Q,234133000.0,6696000.0,1854000.0,0.04,0.04,0.0,1465031000.0,835115000.0,240566000.0,190156000.0,829398000.0,8801000.0,38899000.0,-23954000.0
EFSC,2016-03-31,False,Q1,2016,10-Q,41465000.0,,11025000.0,0.55,0.54,0.09,3709905000.0,,,106233000.0,359384000.0,4118000.0,-76184000.0,84142000.0
EEFT,2016-03-31,False,Q1,2016,10-Q,437894000.0,41889000.0,29094000.0,0.55,0.53,0.0,2232219000.0,1133907000.0,871971000.0,548532000.0,819754000.0,104613000.0,-18903000.0,-5254000.0
EXLS,2016-03-31,False,Q1,2016,10-Q,167036000.0,16452000.0,13820000.0,0.41,0.4,0.0,642280000.0,337754000.0,89644000.0,95774000.0,483793000.0,-10441000.0,-89780000.0,-9968000.0
EXPE,2016-03-31,False,Q1,2016,10-Q,1903961000.0,-102355000.0,-121861000.0,-0.81,-0.81,0.24,16390044000.0,3796132000.0,6957960000.0,2063329000.0,4697209000.0,1099263000.0,-159235000.0,-603891000.0
EXAC,2016-03-31,False,Q1,2016,10-Q,65298000.0,6303000.0,4402000.0,0.31,0.31,0.0,290729000.0,140948000.0,33380000.0,9114000.0,234288000.0,8164000.0,-10123000.0,-1724000.0
EXTR,2016-03-31,False,Q3,2016,10-Q,124886000.0,-8911000.0,-10784000.0,-0.1,-0.1,0.0,368991000.0,214046000.0,201404000.0,88334000.0,90285000.0,18913000.0,-2797000.0,-3665000.0
FBIZ,2016-03-31,False,Q1,2016,10-Q,23937000.0,,4477000.0,0.52,0.52,0.12,1790132000.0,,,13094000.0,155199000.0,9815000.0,-22199000.0,3674000.0
FNFG,2016-03-31,False,Q1,2016,10-Q,388000000.0,,41000000.0,0.11,0.11,0.08,40072000000.0,,,383000000.0,4150000000.0,84000000.0,-405000000.0,31000000.0
FMER,2016-03-31,False,Q1,2016,10-Q,268082000.0,,52280000.0,0.32,0.31,0.17,26062649000.0,,,331049000.0,2997957000.0,35748000.0,-183668000.0,444000000.0
THRM,2016-03-31,False,Q1,2016,10-Q,16000000.0,29885000.0,11893000.0,0.33,0.33,0.0,786535000.0,513820000.0,182537000.0,210556000.0,407313000.0,6348000.0,-16992000.0,72930000.0
LAND,2016-03-31,False,Q1,2016,10-Q,3682677.0,1400200.0,234416.0,0.02,0.02,0.12,256970629.0,,,2193360.0,83440207.0,4233768.0,-21149732.0,16576802.0
GLRE,2016-03-31,False,Q1,2016,10-Q,166276000.0,,28669000.0,0.77,0.77,0.0,2929828000.0,,,196134000.0,878975000.0,-8244000.0,92216000.0,
GRPN,2016-03-31,False,Q1,2016,10-Q,731971000.0,-47333000.0,-49119000.0,-0.08,-0.08,0.0,1618680000.0,896814000.0,1102701000.0,688512000.0,385671000.0,-76725000.0,-20778000.0,-78015000.0
GBNK,2016-03-31,False,Q1,2016,10-Q,26038000.0,,5535000.0,0.26,0.26,0.12,2362216000.0,,,31142000.0,225519000.0,9391000.0,10093000.0,-15053000.0
HBIO,2015-12-31,False,FY,2015,10-K,108664000.0,-1713000.0,-19039000.0,-0.57,-0.57,0.0,120217000.0,50549000.0,19409000.0,6744000.0,77598000.0,705000.0,-7517000.0,-540000.0
HSTM,2016-03-31,False,Q1,2016,10-Q,54078000.0,2487000.0,1501000.0,0.05,0.05,0.0,375793000.0,205722000.0,83634000.0,82793000.0,282144000.0,5712000.0,-4696000.0,-233000.0
HUBG,2016-03-31,False,Q1,2016,10-Q,805859000.0,28843000.0,17965000.0,0.51,0.51,0.0,1264646000.0,585936000.0,361318000.0,200256000.0,623247000.0,50292000.0,-4301000.0,-53485000.0
HBAN,2016-03-31,False,Q1,2016,10-Q,799118000.0,,163316000.0,0.21,0.2,0.07,72644967000.0,,,816248000.0,7157670000.0,191790000.0,-1589443000.0,1366745000.0
INCR,2016-03-31,False,Q1,2016,10-Q,413087000.0,32508000.0,17405000.0,0.32,0.31,0.0,1228342000.0,450078000.0,472884000.0,53181000.0,252057000.0,-646000.0,-4774000.0,-26452000.0
IPHS,2016-03-31,False,Q1,2016,10-Q,189630000.0,21485000.0,12793000.0,0.67,0.66,0.48,677616000.0,305062000.0,93584000.0,15434000.0,336023000.0,-3074000.0,-8024000.0,8421000.0
NSIT,2016-03-31,False,Q1,2016,10-Q,1168982000.0,13633000.0,6888000.0,0.19,0.18,0.0,1749167000.0,1491828000.0,889094000.0,173910000.0,687483000.0,-47187000.0,-2896000.0,30748000.0
ISIG,2016-03-31,False,Q1,2016,10-Q,6078000.0,-571000.0,-322000.0,-0.03,-0.03,0.0,29074000.0,25014000.0,3661000.0,9677000.0,24373000.0,-322000.0,1537000.0,-61000.0
PODD,2016-03-31,False,Q1,2016,10-Q,81213000.0,-7699000.0,-12481000.0,-0.19,,0.0,254774000.0,171845000.0,49775000.0,111635000.0,26396000.0,-10517000.0,1454000.0,-2184000.0
INTC,2016-04-02,False,Q1,2016,10-Q,13702000000.0,2568000000.0,2046000000.0,0.43,0.42,0.52,105467000000.0,27397000000.0,17526000000.0,3061000000.0,61174000000.0,4055000000.0,-15520000000.0,-782000000.0
JBHT,2016-03-31,False,Q1,2016,10-Q,1528712000.0,167890000.0,100098000.0,0.89,0.88,0.22,3646958000.0,814930000.0,580714000.0,5992000.0,1286080000.0,304896000.0,-114460000.0,-190010000.0
KTWO,2016-03-31,False,Q1,2016,10-Q,56306000.0,-9929000.0,-10185000.0,-0.25,-0.25,0.0,366600000.0,138153000.0,43059000.0,21177000.0,278182000.0,-11437000.0,-7429000.0,5365000.0
LSTR,2016-03-26,False,Q1,2016,10-Q,711644000.0,47932000.0,29184000.0,0.69,0.69,0.08,957492000.0,636788000.0,322068000.0,156284000.0,482389000.0,72038000.0,891000.0,-31748000.0
LPNT,2016-03-31,False,Q1,2016,10-Q,1800800000.0,,21600000.0,0.5,0.48,0.0,6320200000.0,1428600000.0,832900000.0,187000000.0,2334200000.0,88700000.0,-171200000.0,-14500000.0
LKQ,2016-03-31,False,Q1,2016,10-Q,1921476000.0,185672000.0,107732000.0,0.35,0.35,0.0,7356857000.0,2993887000.0,1049410000.0,229220000.0,3234409000.0,130207000.0,-625024000.0,637803000.0
LOGM,2016-03-31,False,Q1,2016,10-Q,79734000.0,-707000.0,-1073000.0,-0.04,-0.04,0.0,476634000.0,257612000.0,204067000.0,141191000.0,206500000.0,38000000.0,-4989000.0,-17122000.0
LYTS,2016-03-31,False,Q3,2016,10-Q,70740000.0,732000.0,522000.0,0.02,0.02,0.0,190262000.0,125082000.0,33443000.0,33779000.0,154454000.0,15238000.0,-8286000.0,418000.0
LOAN,2016-03-31,False,Q1,2016,10-Q,1104590.0,695832.0,695324.0,0.1,0.1,0.0,30329798.0,20357404.0,11888153.0,61279.0,18441645.0,711036.0,1894452.0,-2651045.0
MANT,2016-03-31,False,Q1,2016,10-Q,390662000.0,21945000.0,13216000.0,0.7,0.7,0.21,1526166000.0,392873000.0,191181000.0,60404000.0,1189527000.0,29096000.0,-2878000.0,-7128000.0
MRNS,2016-03-31,False,Q1,2016,10-Q,,-7098000.0,-7216000.0,-0.37,-0.37,0.0,52786000.0,51716000.0,7754000.0,46729000.0,40567000.0,-6082000.0,1190000.0,-101000.0
MRLN,2016-03-31,False,Q1,2016,10-Q,2077000.0,,3548000.0,0.29,0.29,0.14,801106000.0,,,3402000.0,152476000.0,5867000.0,-23548000.0,22645000.0
MATW,2016-03-31,True,Q2,2016,10-Q,367176000.0,26435000.0,14357000.0,0.44,0.43,0.0,2143901000.0,578615000.0,230052000.0,59332000.0,744154000.0,51891000.0,-28906000.0,-36123000.0
MATW,2016-03-31,False,Q2,2016,10-Q,367176000.0,26435000.0,14357000.0,0.43,0.43,0.0,2143901000.0,578615000.0,230052000.0,59332000.0,744154000.0,51891000.0,-28906000.0,-36123000.0
MLNX,2016-03-31,False,Q1,2016,10-Q,196810000.0,-3871000.0,-7168000.0,-0.15,-0.15,0.0,1398459000.0,462130000.0,199386000.0,117912000.0,891822000.0,48595000.0,-477066000.0,283184000.0
MACK,2016-03-31,False,Q1,2016,10-Q,21281000.0,-30107000.0,-38473000.0,-0.33,-0.33,0.0,192932000.0,160681000.0,97363000.0,48237000.0,-217197000.0,-53523000.0,-85491000.0,1645000.0
MCEP,2016-03-31,False,Q1,2016,10-Q,13837000.0,-1150000.0,-3313000.0,-0.11,-0.11,0.0,312122000.0,24702000.0,21698000.0,105000.0,,12104000.0,-1598000.0,-11016000.0
NERV,2016-03-31,False,Q1,2016,10-Q,,-7756906.0,-8004410.0,-0.29,-0.29,0.0,94428883.0,45337634.0,6969461.0,34822042.0,66649449.0,-6049086.0,8043000.0,18544074.0
MOBL,2016-03-31,False,Q1,2016,10-Q,38007000.0,-19406000.0,-19447000.0,-0.23,-0.23,0.0,149662000.0,133178000.0,68629000.0,48552000.0,64553000.0,-3546000.0,3490000.0,1374000.0
TYPE,2016-03-31,False,Q1,2016,10-Q,49842000.0,9385000.0,5218000.0,0.13,0.13,0.11,400368000.0,117808000.0,32814000.0,95441000.0,313743000.0,11189000.0,-628000.0,-3053000.0
MNST,2016-03-31,False,Q1,2016,10-Q,680186000.0,254713000.0,163877000.0,0.81,0.79,0.0,5883484000.0,3792872000.0,540655000.0,2528109000.0,4991846000.0,109559000.0,234272000.0,1540000.0
MORN,2016-03-31,False,Q1,2016,10-Q,192100000.0,42300000.0,28700000.0,0.67,0.67,0.22,1032700000.0,400400000.0,323800000.0,185200000.0,630500000.0,11400000.0,-28100000.0,-7900000.0
NANO,2016-03-26,False,Q1,2016,10-Q,47489000.0,3730000.0,3467000.0,0.14,0.14,0.0,243719000.0,187918000.0,47496000.0,38673000.0,193746000.0,499000.0,-410000.0,192000.0
NATI,2016-03-31,False,Q1,2016,10-Q,287177000.0,13844000.0,9298000.0,0.07,0.07,0.2,1456280000.0,793493000.0,255085000.0,265400000.0,1088462000.0,48618000.0,399000.0,-34746000.0
NCIT,2016-03-31,False,Q1,2016,10-Q,83655000.0,5747000.0,3333000.0,0.25,0.24,0.0,173852000.0,75171000.0,62680000.0,388000.0,108374000.0,-8158000.0,-339000.0,8652000.0
NLNK,2016-03-31,False,Q1,2016,10-Q,5708000.0,-25393000.0,-23720000.0,-0.82,-0.82,0.0,199923000.0,189425000.0,15305000.0,176986000.0,176813000.0,-19507000.0,902000.0,-29000.0
ZEUS,2016-03-31,False,Q1,2016,10-Q,258349000.0,35000.0,-767000.0,-0.07,-0.07,0.0,517645000.0,314793000.0,81619000.0,2430000.0,254577000.0,2845000.0,-1236000.0,-783000.0
PTSI,2016-03-31,False,Q1,2016,10-Q,103589000.0,5586000.0,2935000.0,0.41,0.41,0.0,378057000.0,98368000.0,97335000.0,159000.0,105083000.0,15406000.0,-18704000.0,3300000.0
PCRX,2016-03-31,False,Q1,2016,10-Q,65474000.0,-2254000.0,-3854000.0,-0.1,-0.1,0.0,391206000.0,248625000.0,146139000.0,35029000.0,226170000.0,-3121000.0,-21875000.0,3041000.0
PTEN,2016-03-31,False,Q1,2016,10-Q,268939000.0,-95259000.0,-70503000.0,-0.48,-0.48,0.1,4398170000.0,494211000.0,313384000.0,186557000.0,2489482000.0,113733000.0,-16201000.0,-24712000.0
PCO,2016-03-31,False,Q1,2016,10-Q,13500000.0,4928000.0,6565000.0,0.02,0.02,0.0,187860000.0,174270000.0,3197000.0,169944000.0,184663000.0,7098000.0,395000.0,-6000.0
PERF,2016-01-30,False,FY,29953000,10-K,541964000.0,-4029000.0,-11671000.0,-0.75,-0.75,0.0,351046000.0,266440000.0,66928000.0,5640000.0,83977000.0,38110000.0,-8485000.0,-25518000.0
POWI,2016-03-31,False,Q1,2016,10-Q,85326000.0,8912000.0,8843000.0,0.31,0.3,0.13,492796000.0,249408000.0,50493000.0,94735000.0,435221000.0,20291000.0,-8791000.0,-6857000.0
QLIK,2016-03-31,False,Q1,2016,10-Q,138030000.0,-24821000.0,-27014000.0,-0.29,-0.29,0.0,631559000.0,540170000.0,263126000.0,369950000.0,350083000.0,41710000.0,-2279000.0,6556000.0
QDEL,2016-03-31,False,Q1,2016,10-Q,9800000.0,-3460000.0,-3446000.0,-0.11,-0.11,0.0,378758000.0,210046000.0,28143000.0,153447000.0,198403000.0,-7597000.0,-7095000.0,-23320000.0
RDI,2015-12-31,False,FY,2015,10-K,257323000.0,23154000.0,22773000.0,0.98,0.97,0.0,375091000.0,36921000.0,75435000.0,19702000.0,137196000.0,28574000.0,-29710000.0,-27961000.0
RGLS,2016-03-31,False,Q1,2016,10-Q,489000.0,-21378000.0,-21207000.0,-0.4,-0.4,0.0,128138000.0,115759000.0,11012000.0,19249000.0,107229000.0,-8930000.0,11691000.0,528000.0
RCII,2016-03-31,False,Q1,2016,10-Q,835652000.0,48430000.0,25061000.0,0.47,0.47,0.08,1795421000.0,,,46362000.0,495743000.0,226514000.0,-15977000.0,-224906000.0
RCKY,2016-03-31,False,Q1,2016,10-Q,57529945.0,-221002.0,-191450.0,-0.03,-0.03,0.0,197263048.0,132390974.0,21130889.0,3716716.0,141216969.0,5262725.0,-2068150.0,-2884999.0
ROVI,2016-03-31,False,Q1,2016,10-Q,118384000.0,11397000.0,-17652000.0,-0.22,-0.22,0.0,2189194000.0,319480000.0,78241000.0,71843000.0,1026301000.0,-9046000.0,-22330000.0,965000.0
SAIA,2016-03-31,False,Q1,2016,10-Q,289911000.0,17584000.0,10575000.0,0.42,0.42,0.0,795705000.0,175435000.0,150505000.0,238000.0,438768000.0,16306000.0,-53628000.0,37436000.0
SNDK,2016-04-03,False,Q1,2016,10-Q,1365736000.0,137111000.0,78353000.0,0.39,0.37,0.0,9511856000.0,6153380000.0,3692609000.0,3271927000.0,5330075000.0,355143000.0,1416432000.0,11988000.0
SANM,2016-04-02,False,Q2,2016,10-Q,1611174000.0,61099000.0,30361000.0,0.4,0.39,0.0,3598334000.0,2392936000.0,1495251000.0,407319000.0,1495094000.0,205309000.0,-116559000.0,-94174000.0
STX,2016-04-01,False,Q3,2016,10-Q,2595000000.0,27000000.0,-21000000.0,-0.07,-0.07,0.63,8374000000.0,3600000000.0,2259000000.0,1193000000.0,1683000000.0,1411000000.0,-1065000000.0,-1632000000.0
SGEN,2016-03-31,False,Q1,2016,10-Q,111155000.0,-21022000.0,-20478000.0,-0.15,-0.15,0.0,879386000.0,736143000.0,122710000.0,119547000.0,684106000.0,-17837000.0,29431000.0,5698000.0
SHEN,2016-03-31,False,Q1,2016,10-Q,92571000.0,21312000.0,13881000.0,0.29,0.28,0.0,629372000.0,128957000.0,55013000.0,89160000.0,303269000.0,43170000.0,-22827000.0,-7995000.0
SGI,2016-03-25,False,Q3,2016,10-Q,132083000.0,4915000.0,739000.0,0.02,0.02,0.0,352644000.0,260446000.0,165229000.0,98959000.0,54631000.0,31312000.0,-1092000.0,797000.0
SMSI,2016-03-31,False,Q1,2016,10-Q,7214000.0,-3678000.0,-3706000.0,-0.08,-0.08,0.0,21821000.0,19475000.0,8126000.0,11398000.0,10585000.0,257000.0,2315000.0,7000.0
SONS,2016-03-31,False,Q1,2016,10-Q,59151000.0,-3881000.0,-4654000.0,-0.09,-0.09,0.0,297878000.0,169826000.0,63876000.0,42649000.0,221608000.0,3314000.0,-9409000.0,-1619000.0
SFST,2016-03-31,False,Q1,2016,10-Q,14888000.0,,3006000.0,0.48,0.45,0.0,1239317000.0,,,54773000.0,98295000.0,-4411000.0,-21475000.0,17793000.0
SBSI,2016-03-31,False,Q1,2016,10-Q,54608000.0,,13516000.0,0.54,0.54,0.23,5019012000.0,,,52324000.0,457576000.0,26075000.0,141230000.0,-179826000.0
SPSC,2016-03-31,False,Q1,2016,10-Q,45599000.0,1314000.0,1044000.0,0.06,0.06,0.0,281725000.0,162653000.0,30574000.0,110889000.0,233393000.0,6911000.0,-20053000.0,2090000.0
STRL,2016-03-31,False,Q1,2016,10-Q,126567000.0,-6466000.0,-7328000.0,-0.37,-0.37,0.0,284007000.0,153738000.0,121363000.0,14919000.0,88805000.0,840000.0,-2103000.0,11756000.0
SPRT,2016-03-31,False,Q1,2016,10-Q,16597000.0,-4677000.0,-4312000.0,-0.08,-0.08,0.0,77701000.0,73523000.0,9395000.0,22654000.0,67769000.0,-4170000.0,-804000.0,-31000.0
SYNT,2016-03-31,False,Q1,2016,10-Q,241390000.0,60047000.0,53057000.0,0.63,0.63,0.0,1467139000.0,1291487000.0,235960000.0,658454000.0,1213280000.0,46582000.0,107576000.0,22000.0
TSRA,2016-03-31,False,Q1,2016,10-Q,59977000.0,26155000.0,18090000.0,0.36,0.36,0.2,513037000.0,392832000.0,17714000.0,33435000.0,492067000.0,30148000.0,26971000.0,-46283000.0
FLIC,2016-03-31,False,Q1,2016,10-Q,26861000.0,,7399000.0,0.52,0.52,0.2,3234376000.0,,,42321000.0,260436000.0,5559000.0,-96672000.0,93799000.0
SPNC,2016-03-31,False,Q1,2016,10-Q,62884000.0,-13919000.0,-17291000.0,-0.4,-0.4,0.0,450547000.0,143964000.0,57880000.0,67494000.0,104958000.0,-12444000.0,-1226000.0,-3471000.0
TSC,2016-03-31,False,Q1,2016,10-Q,32275000.0,,5843000.0,0.21,0.21,0.0,3399871000.0,,,110493000.0,330242000.0,-5666000.0,-75158000.0,94641000.0
TUES,2016-03-31,False,Q3,2016,10-Q,211380000.0,-5932000.0,-5240000.0,-0.12,-0.12,0.0,371938000.0,277502000.0,132770000.0,15064000.0,229842000.0,2554000.0,-31319000.0,-959000.0
UCTT,2016-03-25,False,Q1,2016,10-Q,112229000.0,-698000.0,-3239000.0,-0.1,-0.1,0.0,345950000.0,200720000.0,79704000.0,45539000.0,198425000.0,-196000.0,-2030000.0,-2333000.0
UTEK,2016-04-02,False,Q1,2016,10-Q,45210000.0,-1382000.0,-1154000.0,-0.04,-0.04,0.0,394716000.0,356558000.0,38466000.0,74340000.0,343140000.0,-8894000.0,21658000.0,-1432000.0
ECOL,2016-03-31,False,Q1,2016,10-Q,113318000.0,15783000.0,7517000.0,0.35,0.35,0.18,768225000.0,117356000.0,66747000.0,14282000.0,261665000.0,30252000.0,-7210000.0,-14907000.0
VICR,2016-03-31,False,Q1,2016,10-Q,46027000.0,-5429000.0,-5351000.0,-0.14,-0.14,0.0,151910000.0,110257000.0,20596000.0,59710000.0,130336000.0,-834000.0,-2099000.0,-353000.0
VSEC,2016-03-31,False,Q1,2016,10-Q,143636000.0,12741000.0,6552000.0,1.22,1.21,0.11,620920000.0,204282000.0,105423000.0,587000.0,236294000.0,15392000.0,-1422000.0,-14123000.0
WERN,2016-03-31,False,Q1,2016,10-Q,482802000.0,32487000.0,20092000.0,0.28,0.28,0.06,1609565000.0,343778000.0,190640000.0,20410000.0,949970000.0,91319000.0,-98209000.0,-4780000.0
WBB,2016-03-31,False,Q2,2016,10-Q,7156000.0,,873000.0,0.23,0.23,0.0,655107000.0,,,9594000.0,78608000.0,-955000.0,-17206000.0,18019000.0
WMAR,2016-04-02,False,Q1,2016,10-Q,130405000.0,-15138000.0,-9113000.0,-0.37,-0.37,0.0,417512000.0,327162000.0,109127000.0,22351000.0,290531000.0,-19378000.0,-6337000.0,-89000.0
WABC,2016-03-31,False,Q1,2016,10-Q,45376000.0,,14226000.0,0.56,0.56,0.39,5199868000.0,,,471164000.0,538973000.0,18218000.0,58195000.0,-38293000.0
WIBC,2016-03-31,False,Q1,2016,10-Q,54707000.0,,13190000.0,0.17,0.17,0.06,4720401000.0,,,115577000.0,546248000.0,-44410000.0,52327000.0,-10533000.0
XNCR,2016-03-31,False,Q1,2016,10-Q,27460000.0,-6733000.0,-6398000.0,-0.16,-0.16,0.0,193961000.0,94851000.0,34255000.0,8150000.0,158813000.0,-14300000.0,9660000.0,200000.0
AKR,2016-03-31,False,Q1,2016,10-Q,52683000.0,14489000.0,28925000.0,0.4,285.6,0.25,3148327000.0,,,84860000.0,1628476000.0,17975000.0,72762000.0,-78653000.0
AHC,2016-03-31,False,Q1,2016,10-Q,62483000.0,-1781000.0,-632000.0,-0.03,-0.03,0.0,215466000.0,118080000.0,35247000.0,74656000.0,116731000.0,347000.0,-2095000.0,-1976000.0
ADPT,2016-03-31,False,Q1,2016,10-Q,112769000.0,12807000.0,4533000.0,0.32,0.32,0.0,526341000.0,125366000.0,56592000.0,3656000.0,158174000.0,-7417000.0,-1891000.0,-3073000.0
ALX,2016-03-31,False,Q1,2016,10-Q,55558000.0,26336000.0,22019000.0,4.31,4.31,4.0,1448437000.0,,,276234000.0,353686000.0,45376000.0,-7187000.0,-21304000.0
ALE,2016-03-31,False,Q1,2016,10-Q,333800000.0,66800000.0,45900000.0,0.93,0.93,0.52,4872700000.0,379300000.0,224200000.0,97000000.0,1852500000.0,93200000.0,-42600000.0,-50600000.0
AAT,2016-03-31,False,Q1,2016,10-Q,70731000.0,23643000.0,7651000.0,0.17,0.17,0.25,1977826000.0,,,44007000.0,820401000.0,34260000.0,-17895000.0,-12283000.0
AMT,2016-03-31,False,Q1,2016,10-Q,1289047000.0,451853000.0,248378000.0,0.59,0.58,0.51,27064315000.0,1036516000.0,1198156000.0,336403000.0,7000215000.0,563512000.0,-185516000.0,-366064000.0
AIG,2016-03-31,False,Q1,2016,10-Q,11779000000.0,,-183000000.0,-0.16,-0.16,0.32,502777000000.0,,,1499000000.0,89081000000.0,-968000000.0,385000000.0,453000000.0
APC,2016-03-31,False,Q1,2016,10-Q,1674000000.0,-864000000.0,-1035000000.0,-2.03,-2.03,0.05,47922000000.0,5767000000.0,6657000000.0,2947000000.0,14701000000.0,-137000000.0,-973000000.0,3119000000.0
AON,2016-03-31,False,Q1,2016,10-Q,2792000000.0,450000000.0,315000000.0,1.16,1.15,0.3,26813000000.0,14041000000.0,12793000000.0,465000000.0,5347000000.0,273000000.0,-199000000.0,-4000000.0
AIV,2016-03-31,False,Q1,2016,10-Q,246239000.0,63534000.0,23223000.0,0.15,0.15,0.33,6142213000.0,,,64454000.0,1735065000.0,73953000.0,-65571000.0,5283000.0
ARR,2016-03-31,False,Q1,2016,10-Q,,,-283380000.0,-7.73,-7.73,0.99,11344034000.0,,,243294000.0,1095635000.0,-208706000.0,1848995000.0,-1686920000.0
ARW,2016-04-02,False,Q1,2016,10-Q,5474177000.0,181364000.0,106235000.0,1.16,1.14,0.0,12352787000.0,8427570000.0,4920803000.0,394655000.0,4374113000.0,-36592000.0,-95751000.0,253623000.0
AJG,2016-03-31,False,Q1,2016,10-Q,1300400000.0,,46500000.0,0.26,0.26,0.38,10712600000.0,3939500000.0,4022400000.0,425400000.0,3652300000.0,109400000.0,-128400000.0,-34100000.0
ALV,2016-03-31,False,Q1,2016,10-Q,2430000000.0,205200000.0,133200000.0,1.51,1.51,0.58,8144300000.0,4060100000.0,2416500000.0,1161600000.0,3865200000.0,200500000.0,-318600000.0,-64700000.0
AVT,2016-04-02,False,Q3,2016,10-Q,6174716000.0,181618000.0,123459000.0,0.95,0.94,0.17,11125460000.0,8938101000.0,4564420000.0,1036485000.0,4760201000.0,297127000.0,-122309000.0,-72638000.0
MTRN,2016-04-01,False,Q1,2016,10-Q,15238000.0,7532000.0,5368000.0,0.27,0.27,0.09,757016000.0,357862000.0,100067000.0,18868000.0,488147000.0,-17444000.0,-9744000.0,21372000.0
BHI,2016-03-31,False,Q1,2016,10-Q,2670000000.0,-559000000.0,-981000000.0,-2.22,-2.22,0.17,22936000000.0,8771000000.0,2462000000.0,2192000000.0,15402000000.0,-99000000.0,61000000.0,-95000000.0
BLL,2016-03-31,False,Q1,2016,10-Q,1756000000.0,-110000000.0,-127000000.0,-0.9,-0.9,0.13,10059000000.0,2323000000.0,2232000000.0,205000000.0,1078000000.0,-386000000.0,-185000000.0,572000000.0
BAC,2016-03-31,False,Q1,2016,10-Q,19512000000.0,,2223000000.0,0.21,0.21,0.05,2185498000000.0,,,27781000000.0,262776000000.0,10843000000.0,-21374000000.0,29382000000.0
BBT,2016-03-31,False,Q1,2016,10-Q,2737000000.0,,527000000.0,0.67,0.67,0.27,212405000000.0,,,1825000000.0,28239000000.0,-130000000.0,-1781000000.0,978000000.0
BMS,2016-03-31,False,Q1,2016,10-Q,967900000.0,99400000.0,56200000.0,0.59,0.59,0.29,3573100000.0,1164600000.0,564800000.0,50100000.0,1232400000.0,52600000.0,-30500000.0,-32400000.0
FNF,2016-03-31,False,Q1,2016,10-Q,241900000.0,56900000.0,11400000.0,0.17,0.17,0.0,3633500000.0,304300000.0,176300000.0,114800000.0,1830900000.0,57900000.0,-16600000.0,-109000000.0
BCC,2016-03-31,False,Q1,2016,10-Q,880695000.0,13405000.0,4950000.0,0.13,0.13,0.0,1471373000.0,818895000.0,345757000.0,81187000.0,538323000.0,1181000.0,-230920000.0,126430000.0
EAT,2016-03-23,False,Q3,2016,10-Q,824639000.0,86276000.0,57502000.0,1.01,1.0,0.32,1489188000.0,196724000.0,422291000.0,68985000.0,-243662000.0,299581000.0,-177411000.0,-108306000.0
BWXT,2016-03-31,False,Q1,2016,10-Q,364826000.0,42609000.0,48791000.0,0.47,0.46,0.09,1365712000.0,634239000.0,372792000.0,67691000.0,267894000.0,-18265000.0,-14008000.0,-55612000.0
CACI,2016-03-31,False,Q3,2016,10-Q,977274000.0,63676000.0,34028000.0,1.4,1.38,0.0,3979418000.0,873075000.0,543389000.0,34813000.0,1572046000.0,188344000.0,-600902000.0,413636000.0
ELY,2016-03-31,False,Q1,2016,10-Q,274053000.0,45328000.0,38390000.0,0.41,0.4,0.01,711872000.0,470698000.0,220353000.0,35136000.0,452659000.0,-71459000.0,-3113000.0,60565000.0
CBM,2016-03-31,False,Q1,2016,10-Q,94741000.0,21376000.0,14582000.0,0.46,0.44,0.0,544202000.0,283795000.0,104528000.0,85597000.0,335072000.0,89771000.0,-19827000.0,-29172000.0
CPT,2016-03-31,False,Q1,2016,10-Q,217595000.0,,41498000.0,0.46,0.46,0.75,6040455000.0,,,6935000.0,2864155000.0,96510000.0,-77400000.0,-22792000.0
CPN,2016-03-31,False,Q1,2016,10-Q,1615000000.0,-114000000.0,-198000000.0,-0.56,-0.56,0.0,18659000000.0,3775000000.0,3085000000.0,244000000.0,2973000000.0,26000000.0,-611000000.0,-77000000.0
CRS,2016-03-31,False,Q3,2016,10-Q,456300000.0,-24300000.0,-23900000.0,-0.51,-0.51,0.18,2786500000.0,1016100000.0,315100000.0,23400000.0,1187000000.0,137200000.0,-55500000.0,-128600000.0
CAT,2016-03-31,False,Q1,2016,10-Q,8780000000.0,494000000.0,271000000.0,0.46,0.46,0.0,78307000000.0,33748000000.0,26215000000.0,5886000000.0,15753000000.0,489000000.0,-572000000.0,-502000000.0
CHE,2016-03-31,False,Q1,2016,10-Q,390389000.0,44393000.0,24840000.0,1.49,1.45,0.24,882919000.0,179941000.0,191557000.0,15235000.0,484821000.0,7223000.0,-11320000.0,4605000.0
CIR,2016-04-03,False,Q1,2016,10-Q,150798000.0,5495000.0,3872000.0,0.24,0.23,0.0375,671097000.0,375552000.0,124386000.0,66580000.0,414107000.0,7654000.0,-3934000.0,6662000.0
C,2016-03-31,False,Q1,2016,10-Q,17555000000.0,,3251000000.0,1.1,1.1,0.05,1801000000000.0,,,22240000000.0,228761000000.0,144000000.0,-37190000000.0,38196000000.0
CLD,2016-03-31,False,Q1,2016,10-Q,181249000.0,-25645000.0,-36375000.0,-0.59,-0.59,0.0,1757858000.0,218775000.0,143022000.0,79392000.0,852664000.0,-658000.0,-8705000.0,-558000.0
CFX,2016-04-01,False,Q1,2016,10-Q,876843000.0,48466000.0,22615000.0,0.18,0.18,0.0,6723748000.0,1784746000.0,1097661000.0,196042000.0,3239200000.0,15516000.0,-15389000.0,-5287000.0
CPGX,2016-03-31,False,Q1,2016,10-Q,364500000.0,151700000.0,72200000.0,0.18,0.18,0.26,10091100000.0,948300000.0,514000000.0,640900000.0,4983900000.0,170300000.0,-392600000.0,-67700000.0
CPPL,2016-03-31,False,Q1,2016,10-Q,363500000.0,181900000.0,180200000.0,0.25,0.25,0.0,9424000000.0,441100000.0,743500000.0,34200000.0,,131900000.0,-356200000.0,179600000.0
CMA,2016-03-31,False,Q1,2016,10-Q,862000000.0,,59000000.0,0.34,0.34,0.21,69007000000.0,,,977000000.0,7644000000.0,245000000.0,-258000000.0,-3132000000.0
GLW,2016-03-31,False,Q1,2016,10-Q,1316000000.0,177000000.0,-392000000.0,-0.36,-0.36,0.135,27945000000.0,7178000000.0,2564000000.0,3540000000.0,17987000000.0,-83000000.0,-76000000.0,-913000000.0
COR,2016-03-31,False,Q1,2016,10-Q,92480000.0,21621000.0,11261000.0,0.37,0.37,0.0,1217661000.0,,,3200000.0,619023000.0,26336000.0,-71378000.0,41388000.0
CCK,2016-03-31,False,Q1,2016,10-Q,1893000000.0,219000000.0,79000000.0,0.57,0.57,0.0,9940000000.0,2904000000.0,2718000000.0,257000000.0,553000000.0,-408000000.0,-48000000.0,-4000000.0
CRY,2016-03-31,False,Q1,2016,10-Q,43016000.0,6653000.0,2493000.0,0.08,0.08,0.0,297157000.0,129236000.0,24842000.0,44827000.0,194160000.0,1410000.0,-67155000.0,73112000.0
CUBE,2016-03-31,False,Q1,2016,10-Q,118871000.0,28726000.0,14248000.0,0.08,0.08,0.0,3206687000.0,,,2754000.0,1683752000.0,61933000.0,-196884000.0,74836000.0
CTB,2016-03-31,False,Q1,2016,10-Q,649775000.0,91104000.0,59005000.0,1.06,1.05,0.105,2468473000.0,1366567000.0,432157000.0,433996000.0,1054320000.0,1641000.0,-36146000.0,-35360000.0
CVI,2016-03-31,False,Q1,2016,10-Q,905500000.0,-39900000.0,-16200000.0,-0.19,-0.19,0.5,3183500000.0,1153700000.0,474200000.0,681800000.0,1517000000.0,21600000.0,-51700000.0,-53200000.0
CVRR,2016-03-31,False,Q1,2016,10-Q,834000000.0,-56000000.0,-68000000.0,-0.46,-0.46,0.0,2116900000.0,547600000.0,327700000.0,145900000.0,,3000000.0,-44000000.0,-400000.0
CUB,2016-03-31,False,Q2,2016,10-Q,366024000.0,-9086000.0,10144000.0,0.38,0.38,0.14,1501087000.0,730498000.0,491819000.0,158808000.0,741396000.0,11892000.0,-216231000.0,200134000.0
UAN,2016-03-31,False,Q1,2016,10-Q,73092000.0,19653000.0,18042000.0,0.25,0.25,0.0,529222000.0,96737000.0,20264000.0,51979000.0,,23640000.0,-1733000.0,-19895000.0
DO,2016-03-31,False,Q1,2016,10-Q,470543000.0,111569000.0,87425000.0,0.64,0.64,0.0,6944599000.0,615034000.0,380987000.0,128928000.0,4194780000.0,241330000.0,55192000.0,-286622000.0
DDE,2016-03-31,False,Q1,2016,10-Q,44717000.0,34000.0,-239000.0,-0.01,-0.01,0.0,168069000.0,22384000.0,45818000.0,11077000.0,114828000.0,2427000.0,-1280000.0,-566000.0
DVD,2016-03-31,False,Q1,2016,10-Q,139000.0,-3917000.0,-2343000.0,-0.06,-0.06,0.0,85364000.0,30884000.0,8590000.0,153000.0,49705000.0,-1119000.0,-333000.0,1604000.0
DOW,2016-03-31,False,Q1,2016,10-Q,10703000000.0,,169000000.0,0.15,0.15,0.46,68440000000.0,23334000000.0,11682000000.0,6610000000.0,26434000000.0,52000000.0,-1163000000.0,-871000000.0
DRE,2016-03-31,False,Q1,2016,10-Q,224954000.0,79158000.0,43307000.0,0.12,0.12,0.18,6896960000.0,,,15640000.0,3190117000.0,66709000.0,-62609000.0,-10993000.0
ETN,2016-03-31,False,Q1,2016,10-Q,4813000000.0,,404000000.0,0.88,0.88,0.57,31583000000.0,7013000000.0,5022000000.0,333000000.0,15563000000.0,371000000.0,-159000000.0,-160000000.0
EIX,2016-03-31,False,Q1,2016,10-Q,2440000000.0,448000000.0,270000000.0,0.83,0.82,0.48,50459000000.0,2427000000.0,4233000000.0,137000000.0,13631000000.0,853000000.0,-834000000.0,-43000000.0
EW,2016-03-31,False,Q1,2016,10-Q,697300000.0,,143000000.0,0.67,0.66,0.0,3853800000.0,1819300000.0,,501400000.0,2299300000.0,107100000.0,47300000.0,-369100000.0
EDR,2016-03-31,False,Q1,2016,10-Q,73379000.0,20216000.0,16669000.0,0.27,0.26,0.37,2197300000.0,,,195848000.0,1520780000.0,37550000.0,-38102000.0,162658000.0
LLY,2016-03-31,False,Q1,2016,10-Q,4865100000.0,,440100000.0,0.42,0.41,0.51,34691800000.0,11714600000.0,7340900000.0,2307600000.0,15029400000.0,-326900000.0,-145400000.0,-816400000.0
EEQ,2016-03-31,False,Q1,2016,10-Q,1061600000.0,,-116200000.0,-1.56,-1.56,0.0,700000.0,,,700000.0,700000.0,-100000.0,0.0,0.0
EEP,2016-03-31,False,Q1,2016,10-Q,1061600000.0,268000000.0,80000000.0,0.07,0.07,0.0,18827200000.0,472000000.0,1399100000.0,138600000.0,,266300000.0,-374400000.0,98600000.0
EPR,2016-03-31,False,Q1,2016,10-Q,118768000.0,,48228000.0,0.77,0.77,0.0,4343540000.0,,,10980000.0,2187038000.0,69077000.0,-130915000.0,68439000.0
EFX,2016-03-31,False,Q1,2016,10-Q,728300000.0,176200000.0,102100000.0,0.86,0.85,0.33,6732900000.0,630100000.0,1729400000.0,96800000.0,2532800000.0,90300000.0,-1778800000.0,1664200000.0
FCH,2016-03-31,False,Q1,2016,10-Q,210144000.0,15922000.0,-11201000.0,-0.08,-0.08,0.06,1858176000.0,,,57958000.0,273591000.0,19653000.0,-17639000.0,-3833000.0
FNF,2016-03-31,False,Q1,2016,10-Q,2048000000.0,,74000000.0,0.28,0.27,0.21,13943000000.0,,,1083000000.0,6575000000.0,92000000.0,171000000.0,-207000000.0
FII,2016-03-31,False,Q1,2016,10-Q,272109000.0,74555000.0,43437000.0,0.44,0.44,0.25,1190614000.0,398590000.0,131626000.0,147762000.0,662825000.0,25645000.0,-4030000.0,-46481000.0
FR,2016-03-31,False,Q1,2016,10-Q,93467000.0,,15688000.0,0.14,0.14,0.19,2732419000.0,,,3180000.0,1097937000.0,26809000.0,-48441000.0,20825000.0
FPO,2016-03-31,False,Q1,2016,10-Q,42697000.0,6360000.0,-4179000.0,-0.07,-0.07,0.0,1359943000.0,,,15149000.0,560441000.0,13828000.0,68104000.0,-80310000.0
FI,2016-03-31,False,Q1,2016,10-Q,153486000.0,-2882000.0,-772000.0,0.0,0.0,0.15,1677834000.0,993255000.0,169759000.0,608798000.0,1427571000.0,46163000.0,-7823000.0,-31194000.0
GCAP,2015-03-31,True,Q1,2015,10-Q,129376000.0,13056000.0,5465000.0,0.11,0.11,0.05,1235507000.0,,,90059000.0,253876000.0,-36082000.0,-1303000.0,-10092000.0
GCAP,2015-09-30,True,Q3,2015,10-Q,128111000.0,11988000.0,973000.0,0.05,0.05,0.0,1512879000.0,,,186688000.0,305664000.0,75414000.0,-9547000.0,-20106000.0
GCAP,2015-12-31,True,FY,2015,10-K,38820000.0,17649000.0,10279000.0,0.22,0.22,0.2,1424815000.0,,,171888000.0,306084000.0,77213000.0,-16081000.0,-25840000.0
GCAP,2015-06-30,True,Q2,2015,10-Q,111457000.0,-10187000.0,-7118000.0,-0.16,-0.16,0.0,1632404000.0,,,135022000.0,314100000.0,14713000.0,-11779000.0,-12379000.0
GNW,2016-03-31,False,Q1,2016,10-Q,1785000000.0,103000000.0,53000000.0,0.11,0.11,0.0,107173000000.0,,,4043000000.0,15973000000.0,256000000.0,-255000000.0,-1941000000.0
GPC,2016-03-31,False,Q1,2016,10-Q,3718267000.0,284588000.0,158025000.0,1.06,1.05,0.6575,8450527000.0,5770268000.0,4211926000.0,205135000.0,3243712000.0,135045000.0,-85295000.0,-64469000.0
GVA,2016-03-31,False,Q1,2016,10-Q,439452000.0,-16288000.0,-11188000.0,-0.28,-0.28,0.13,1612230000.0,962778000.0,469474000.0,198298000.0,855744000.0,-10434000.0,-34015000.0,-10089000.0
HSY,2016-04-03,False,Q1,2016,10-Q,1828812000.0,339509000.0,229832000.0,2.08,2.05,0.583,5305840000.0,1772918000.0,2336972000.0,285958000.0,879353000.0,257115000.0,-49177000.0,-271235000.0
HT,2016-03-31,False,Q1,2016,10-Q,106870000.0,4135000.0,-11321000.0,-0.26,-0.26,0.0,2088831000.0,,,23677000.0,683643000.0,9099000.0,-137312000.0,123935000.0
HRC,2016-03-31,False,Q2,2016,10-Q,632600000.0,49800000.0,22300000.0,0.34,0.33,0.17,4242600000.0,983800000.0,491600000.0,157600000.0,1177500000.0,87500000.0,-43600000.0,-79300000.0
HHC,2016-03-31,False,Q1,2016,10-Q,239666000.0,192970000.0,143765000.0,3.64,2.69,0.0,6031974000.0,,,736834000.0,2500463000.0,-42361000.0,239171000.0,94723000.0
HST,2016-03-31,False,Q1,2016,10-Q,1339000000.0,151000000.0,182000000.0,0.24,0.24,0.0,11690000000.0,,,234000000.0,7061000000.0,219000000.0,-58000000.0,-152000000.0
IM,2016-04-02,False,Q1,2016,10-Q,9336601000.0,38403000.0,1899000.0,0.01,0.01,0.0,11702835000.0,9845036000.0,6398602000.0,1124184000.0,4022934000.0,274574000.0,-89882000.0,-9783000.0
NSP,2016-03-31,False,Q1,2016,10-Q,802408000.0,53043000.0,32693000.0,1.53,1.53,0.22,880510000.0,636393000.0,590427000.0,318848000.0,55352000.0,95207000.0,3075000.0,-48972000.0
INGR,2016-03-31,False,Q1,2016,10-Q,1360000000.0,200000000.0,127000000.0,1.77,1.73,0.0,5228000000.0,2068000000.0,693000000.0,477000000.0,2327000000.0,96000000.0,-73000000.0,9000000.0
JPM,2016-03-31,False,Q1,2016,10-Q,11859000000.0,,4991000000.0,1.36,1.35,0.44,2423808000000.0,,,18212000000.0,250157000000.0,-21383000000.0,-34581000000.0,53584000000.0
ESI,2016-03-31,False,Q1,2016,10-Q,191499000.0,14220000.0,4107000.0,0.17,0.17,0.0,622391000.0,214565000.0,291592000.0,108663000.0,162056000.0,12334000.0,-779000.0,-33789000.0
JBT,2016-03-31,False,Q1,2016,10-Q,267100000.0,9700000.0,5100000.0,0.17,0.17,0.1,922200000.0,430500000.0,371200000.0,36000000.0,137800000.0,200000.0,-14200000.0,11100000.0
JCI,2016-03-31,False,Q2,2016,10-Q,9031000000.0,,-530000000.0,-0.82,-0.82,0.29,31199000000.0,11058000000.0,11792000000.0,358000000.0,10882000000.0,634000000.0,-233000000.0,-448000000.0
KBR,2016-03-31,False,Q1,2016,10-Q,996000000.0,65000000.0,42000000.0,0.3,0.3,0.08,3370000000.0,1745000000.0,1313000000.0,824000000.0,1108000000.0,-21000000.0,-25000000.0,-18000000.0
KIM,2016-03-31,False,Q1,2016,10-Q,297202000.0,99259000.0,129158000.0,0.31,0.31,0.255,11249361000.0,,,222000000.0,5317357000.0,136956000.0,127802000.0,-232292000.0
KRA,2016-03-31,False,Q1,2016,10-Q,419923000.0,3226000.0,86125000.0,2.87,2.84,0.0,2960234000.0,715798000.0,243337000.0,78378000.0,506888000.0,-26615000.0,-1272431000.0,1301841000.0
LXK,2016-03-31,False,Q1,2016,10-Q,806200000.0,-38500000.0,-39400000.0,-0.63,-0.63,0.36,3830800000.0,982800000.0,1188900000.0,127000000.0,1069000000.0,79100000.0,-21700000.0,-91100000.0
LNKD,2016-03-31,False,Q1,2016,10-Q,860650000.0,-66219000.0,-45827000.0,-0.35,-0.35,0.0,7209367000.0,3968396000.0,1206515000.0,759451000.0,4612244000.0,252187000.0,-41419000.0,125000.0
LAD,2016-03-31,False,Q1,2016,10-Q,1982861000.0,72915000.0,40270000.0,1.56,1.55,0.2,3267618000.0,1899409000.0,1643703000.0,21559000.0,814677000.0,34593000.0,-29234000.0,-28808000.0
LTC,2016-03-31,False,Q1,2016,10-Q,38604000.0,19586000.0,19757000.0,0.53,0.53,0.0,1318850000.0,,,24280000.0,672690000.0,19605000.0,-37574000.0,29307000.0
MTB,2016-03-31,False,Q1,2016,10-Q,1292897000.0,,275744000.0,1.74,1.73,0.7,124625632000.0,,,1178175000.0,16355053000.0,448220000.0,-2015275000.0,1377190000.0
MHO,2016-03-31,False,Q1,2016,10-Q,324370000.0,19673000.0,7970000.0,0.32,0.3,0.0,1436712000.0,,,31755000.0,604605000.0,1056000.0,-12863000.0,33357000.0
MIC,2016-03-31,False,Q1,2016,10-Q,396387000.0,89190000.0,22355000.0,0.28,0.28,1.2,7283416000.0,198222000.0,298520000.0,22502000.0,3137062000.0,148566000.0,-65698000.0,-83217000.0
MPC,2016-03-31,False,Q1,2016,10-Q,1152000000.0,75000000.0,1000000.0,0.003,0.003,0.32,41758000000.0,8097000000.0,5595000000.0,308000000.0,19494000000.0,327000000.0,-727000000.0,-419000000.0
MMC,2016-03-31,False,Q1,2016,10-Q,3336000000.0,733000000.0,481000000.0,0.92,0.91,0.0,18128000000.0,4798000000.0,3159000000.0,918000000.0,6771000000.0,-581000000.0,-126000000.0,245000000.0
HZO,2016-03-31,False,Q2,2016,10-Q,199566000.0,5568000.0,2422000.0,0.1,0.1,0.0,575176000.0,440742000.0,288240000.0,43974000.0,286285000.0,-53542000.0,-13911000.0,78816000.0
MTRN,2016-04-01,False,Q1,2016,10-Q,15238000.0,7532000.0,5368000.0,0.27,0.27,0.09,757016000.0,357862000.0,100067000.0,18868000.0,488147000.0,-17444000.0,-9744000.0,21372000.0
MTH,2016-03-31,False,Q1,2016,10-Q,597766000.0,,20969000.0,0.53,0.5,0.0,2714513000.0,,,172175000.0,1284309000.0,-81817000.0,-3968000.0,-4248000.0
MEP,2016-03-31,False,Q1,2016,10-Q,431900000.0,-28400000.0,-20200000.0,-0.44,-0.44,0.0,5142600000.0,218500000.0,286400000.0,51400000.0,,123300000.0,-9900000.0,-80000000.0
MOH,2016-03-31,False,Q1,2016,10-Q,4343000000.0,89000000.0,24000000.0,0.44,0.43,0.0,7183000000.0,5764000000.0,4377000000.0,2156000000.0,1590000000.0,139000000.0,-314000000.0,2000000.0
MSCI,2016-03-31,False,Q1,2016,10-Q,278828000.0,113141000.0,60367000.0,0.61,0.6,0.22,2831634000.0,763811000.0,468468000.0,445014000.0,615656000.0,33030000.0,-5520000.0,-362309000.0
MPLX,2016-03-31,False,Q1,2016,10-Q,609000000.0,,-60000000.0,-0.33,-0.33,0.0,15978000000.0,429000000.0,1045000000.0,4000000.0,,295000000.0,-240000000.0,-94000000.0
MSA,2016-03-31,False,Q1,2016,10-Q,279268000.0,31147000.0,11751000.0,0.31,0.31,0.32,1446230000.0,521010000.0,230064000.0,111901000.0,540640000.0,-11006000.0,9889000.0,3253000.0
MYE,2016-03-31,False,Q1,2016,10-Q,151205000.0,1129000.0,-3393000.0,-0.11,-0.11,0.14,429607000.0,164602000.0,94682000.0,5601000.0,95791000.0,-11317000.0,-11168000.0,20359000.0
NNN,2016-03-31,False,Q1,2016,10-Q,126980000.0,77497000.0,61824000.0,0.44,0.44,0.435,5552903000.0,,,8203000.0,3434162000.0,102423000.0,-118767000.0,10888000.0
NCR,2016-03-31,False,Q1,2016,10-Q,1444000000.0,101000000.0,21000000.0,0.16,0.16,0.0,7752000000.0,2705000000.0,1984000000.0,333000000.0,538000000.0,23000000.0,-48000000.0,42000000.0
NWHM,2016-03-31,False,Q1,2016,10-Q,85240000.0,,-814000.0,-0.04,-0.04,0.0,457728000.0,,,43928000.0,221086000.0,-100766000.0,-970000.0,99790000.0
NEE,2016-03-31,False,Q1,2016,10-Q,1532000000.0,1234000000.0,636000000.0,1.38,1.37,0.87,84637000000.0,7096000000.0,10587000000.0,628000000.0,23630000000.0,1545000000.0,-3681000000.0,2193000000.0
NEP,2016-03-31,False,Q1,2016,10-Q,165000000.0,73000000.0,5000000.0,0.14,0.14,0.0,6700000000.0,380000000.0,408000000.0,133000000.0,1779000000.0,49000000.0,-389000000.0,308000000.0
NUS,2016-03-31,False,Q1,2016,10-Q,471831000.0,8149000.0,3316000.0,0.06,0.06,0.0,1511473000.0,742158000.0,448063000.0,250087000.0,801431000.0,-2716000.0,-14878000.0,-25760000.0
NVR,2016-03-31,False,Q1,2016,10-Q,1144026000.0,,65303000.0,16.81,15.79,0.0,2541651000.0,,,318982000.0,1256463000.0,-46277000.0,-1353000.0,-58704000.0
OII,2016-03-31,False,Q1,2016,10-Q,608344000.0,48099000.0,25103000.0,0.26,0.26,0.27,3364173000.0,1426495000.0,523212000.0,370853000.0,1611648000.0,53624000.0,-37477000.0,-29480000.0
OPY,2016-03-31,False,Q1,2016,10-Q,218694000.0,,-3847000.0,-0.29,-0.29,0.11,2620864000.0,,,62479000.0,516346000.0,-41372000.0,-1762000.0,42249000.0
OB,2016-03-31,False,Q1,2016,10-Q,310500000.0,,46400000.0,0.49,0.49,0.21,3529000000.0,,,108800000.0,1019800000.0,-23500000.0,68900000.0,-31800000.0
P,2016-03-31,False,Q1,2016,10-Q,297305000.0,-109368000.0,-115102000.0,-0.51,-0.51,0.0,1192341000.0,635201000.0,251412000.0,303454000.0,670397000.0,-13104000.0,-18885000.0,913000.0
PEI,2016-03-31,False,Q1,2016,10-Q,101972000.0,,-2241000.0,-0.03,,0.21,2687385000.0,,,30453000.0,760672000.0,44483000.0,70756000.0,-107641000.0
PSXP,2016-03-31,False,Q1,2016,10-Q,2000000.0,,60200000.0,,,0.0,2682100000.0,64900000.0,43200000.0,20100000.0,,66700000.0,-73500000.0,-23400000.0
PDM,2016-03-31,False,Q1,2016,10-Q,138012000.0,26372000.0,10372000.0,0.07,0.07,0.21,4355017000.0,,,4732000.0,2159663000.0,49708000.0,16003000.0,-66420000.0
PSX,2016-03-31,False,Q1,2016,10-Q,17409000000.0,,384000000.0,0.72,0.72,0.56,48246000000.0,11216000000.0,7419000000.0,1723000000.0,23643000000.0,258000000.0,-862000000.0,-783000000.0
PES,2016-03-31,False,Q1,2016,10-Q,74952000.0,-23014000.0,-27699000.0,-0.43,-0.43,0.0,786525000.0,103547000.0,62440000.0,18669000.0,315112000.0,9627000.0,-5055000.0,-63000.0
PNW,2016-03-31,False,Q1,2016,10-Q,677167000.0,50162000.0,4453000.0,0.04,0.04,0.0,15185101000.0,826025000.0,1585902000.0,14484000.0,4740413000.0,144209000.0,-372305000.0,203092000.0
PII,2016-03-31,False,Q1,2016,10-Q,982996000.0,77144000.0,46889000.0,0.72,0.71,0.55,2379773000.0,1076670000.0,794253000.0,145763000.0,930867000.0,139008000.0,-107505000.0,-45010000.0
POR,2016-03-31,False,Q1,2016,10-Q,487000000.0,99000000.0,61000000.0,0.68,0.68,0.3,7344000000.0,537000000.0,508000000.0,4000000.0,2291000000.0,161000000.0,-133000000.0,-28000000.0
PNM,2016-03-31,False,Q1,2016,10-Q,310961000.0,41508000.0,10546000.0,0.13,0.13,0.22,6273812000.0,356961000.0,771565000.0,3870000.0,1711057000.0,90598000.0,-393518000.0,260739000.0
PX,2016-03-31,False,Q1,2016,10-Q,2509000000.0,554000000.0,356000000.0,1.25,1.24,0.75,19025000000.0,2870000000.0,1799000000.0,221000000.0,5305000000.0,547000000.0,-384000000.0,-113000000.0
PPL,2016-03-31,False,Q1,2016,10-Q,2011000000.0,823000000.0,481000000.0,0.71,0.71,0.38,38709000000.0,2713000000.0,4066000000.0,814000000.0,9762000000.0,557000000.0,-661000000.0,115000000.0
PSB,2016-03-31,False,Q1,2016,10-Q,95973000.0,,14569000.0,0.54,0.54,0.75,2179487000.0,,,195254000.0,1855293000.0,55473000.0,-10439000.0,-38692000.0
PEG,2016-03-31,False,Q1,2016,10-Q,2616000000.0,827000000.0,471000000.0,0.93,0.93,0.41,38126000000.0,3263000000.0,2942000000.0,592000000.0,13319000000.0,1214000000.0,-1081000000.0,65000000.0
RS,2016-03-31,False,Q1,2016,10-Q,2162700000.0,129800000.0,92200000.0,1.28,1.27,0.4,7519500000.0,2739900000.0,1071400000.0,120500000.0,4040400000.0,155400000.0,-331500000.0,189700000.0
RMD,2016-03-31,False,Q3,2016,10-Q,453879000.0,104312000.0,88458000.0,0.63,0.63,0.3,2444610000.0,1400094000.0,286508000.0,718495000.0,1673411000.0,391661000.0,-307595000.0,-82155000.0
RSG,2016-03-31,False,Q1,2016,10-Q,2248600000.0,345500000.0,156700000.0,0.45,0.45,0.3,20539200000.0,1183300000.0,1810300000.0,33400000.0,7765900000.0,431500000.0,-270200000.0,-160300000.0
QSR,2016-03-31,False,Q1,2016,10-Q,918500000.0,330600000.0,50000000.0,0.22,0.21,0.14,18956500000.0,1473000000.0,1109700000.0,825900000.0,3338700000.0,183300000.0,6800000.0,-135900000.0
RCL,2016-03-31,False,Q1,2016,10-Q,1917795000.0,163127000.0,99140000.0,0.46,0.46,0.375,20963413000.0,892286000.0,4397944000.0,117360000.0,7887769000.0,477896000.0,-236746000.0,-246762000.0
RKUS,2016-03-31,False,Q1,2016,10-Q,100573000.0,-1770000.0,-925000.0,-0.01,-0.01,0.0,423213000.0,346800000.0,83469000.0,59714000.0,321513000.0,-2899000.0,-9574000.0,2500000.0
SFE,2016-03-31,False,Q1,2016,10-Q,,-5228000.0,-15452000.0,-0.76,-0.76,0.0,236110000.0,44258000.0,5283000.0,28163000.0,175453000.0,-5840000.0,6610000.0,-5445000.0
RSPP,2016-03-31,False,Q1,2016,10-Q,55815000.0,-14342000.0,-17416000.0,-0.17,-0.17,0.0,2942494000.0,109574000.0,75792000.0,73624000.0,1842681000.0,26033000.0,-93569000.0,-1581000.0
SEE,2016-03-31,False,Q1,2016,10-Q,1590600000.0,171600000.0,91300000.0,0.47,0.46,0.0,7539300000.0,2319100000.0,1899900000.0,315700000.0,561100000.0,4000000.0,-68700000.0,32900000.0
SJW,2016-03-31,False,Q1,2016,10-Q,61112000.0,10581000.0,3378000.0,0.17,0.16,0.2,1355576000.0,62626000.0,97815000.0,8692000.0,384199000.0,32087000.0,-34486000.0,5852000.0
SCCO,2016-03-31,False,Q1,2016,10-Q,1245100000.0,346200000.0,185100000.0,0.24,0.24,0.03,12807700000.0,2459000000.0,982700000.0,376000000.0,5408200000.0,64100000.0,98300000.0,-76900000.0
LUV,2016-03-31,False,Q1,2016,10-Q,4826000000.0,944000000.0,511000000.0,0.8,0.79,0.075,22241000000.0,4574000000.0,8253000000.0,2388000000.0,7496000000.0,1616000000.0,-175000000.0,-636000000.0
SPR,2016-03-31,False,Q1,2016,10-Q,1681600000.0,266500000.0,171500000.0,1.3,1.29,0.0,5786900000.0,3341600000.0,1538500000.0,822900000.0,2120700000.0,93800000.0,-50400000.0,-175400000.0
STC,2016-03-31,False,Q1,2016,10-Q,438230000.0,,-11194000.0,-0.48,-0.48,0.3,1304448000.0,,,108753000.0,628491000.0,-31841000.0,-40076000.0,-1295000.0
SCL,2016-03-31,False,Q1,2016,10-Q,445897000.0,44607000.0,27654000.0,1.22,1.21,0.19,1259957000.0,639126000.0,221349000.0,145669000.0,596243000.0,-2108000.0,-22459000.0,-8607000.0
RGR,2016-04-02,False,Q1,2016,10-Q,173109000.0,36201000.0,23278000.0,1.23,1.21,0.35,325423000.0,200966000.0,77038000.0,80463000.0,239748000.0,29429000.0,-6346000.0,-11845000.0
SPN,2016-03-31,False,Q1,2016,10-Q,413133000.0,-112033000.0,-86803000.0,-0.56,-0.56,0.08,4746098000.0,1186587000.0,421297000.0,559238000.0,2107022000.0,62535000.0,-36135000.0,-26947000.0
SUP,2016-03-27,False,Q1,2016,10-Q,186065000.0,18722000.0,14464000.0,0.56,0.56,0.18,540024000.0,248120000.0,73457000.0,45524000.0,411809000.0,16041000.0,-5909000.0,-16425000.0
SYY,2016-03-26,False,Q3,2016,10-Q,12002791000.0,377618000.0,217136000.0,0.38,0.38,0.31,13351094000.0,6960033000.0,4112072000.0,610838000.0,3969431000.0,988981000.0,-382335000.0,-5099743000.0
TVE,2016-03-31,False,Q2,2016,10-Q,2571000000.0,589000000.0,318000000.0,,,0.0,49116000000.0,3247000000.0,4619000000.0,301000000.0,,1330000000.0,-1613000000.0,284000000.0
THC,2016-03-31,False,Q1,2016,10-Q,5420000000.0,347000000.0,-59000000.0,-0.6,-0.6,0.0,23766000000.0,5129000000.0,4268000000.0,728000000.0,926000000.0,147000000.0,320000000.0,-95000000.0
TNC,2016-03-31,False,Q1,2016,10-Q,179864000.0,7097000.0,4439000.0,0.25,0.25,0.2,412700000.0,259446000.0,115770000.0,26914000.0,251732000.0,-6467000.0,-6349000.0,-11961000.0
TYC,2016-03-25,False,Q2,2016,10-Q,2331000000.0,225000000.0,146000000.0,0.34,0.34,0.0,11611000000.0,3663000000.0,3233000000.0,345000000.0,4178000000.0,313000000.0,-433000000.0,-926000000.0
TUP,2016-03-26,False,Q1,2016,10-Q,525700000.0,70000000.0,43400000.0,0.86,0.86,0.68,1657300000.0,622900000.0,676700000.0,98600000.0,169600000.0,-7500000.0,-9000000.0,30500000.0
UA,2016-03-31,False,Q1,2016,10-Q,1010518000.0,34883000.0,19180000.0,0.04,0.04,0.0,3218124000.0,1768783000.0,605900000.0,157001000.0,1741317000.0,-168275000.0,-103156000.0,299254000.0
UIS,2016-03-31,False,Q1,2016,10-Q,666800000.0,-27600000.0,-39900000.0,-0.8,-0.8,0.0,2265100000.0,1207000000.0,945500000.0,513800000.0,-1354300000.0,24200000.0,-39400000.0,158800000.0
UTX,2016-03-31,False,Q1,2016,10-Q,13357000000.0,1945000000.0,1191000000.0,1.44,1.43,0.0,88571000000.0,27527000000.0,20523000000.0,7215000000.0,29903000000.0,795000000.0,-483000000.0,2038000000.0
UTI,2016-03-31,False,Q2,2016,10-Q,88192000.0,-5770000.0,-32002000.0,-1.32,-1.32,0.02,229862000.0,87725000.0,81359000.0,40433000.0,81099000.0,-2485000.0,15298000.0,-1818000.0
VGR,2016-03-31,False,Q1,2016,10-Q,380800000.0,62159000.0,19338000.0,0.16,0.16,0.4,1228789000.0,526645000.0,191317000.0,209048000.0,-153860000.0,-4936000.0,11797000.0,-38181000.0
VRX,2015-12-31,False,FY,2015,10-K,10446500000.0,1527400000.0,-291700000.0,-0.85,-0.85,0.0,48964500000.0,5507200000.0,5312600000.0,597300000.0,6029800000.0,2200400000.0,-15577400000.0,13681800000.0
VTR,2016-03-31,False,Q1,2016,10-Q,852289000.0,,148980000.0,0.44,0.44,0.73,22261292000.0,,,51701000.0,9670529000.0,272891000.0,-166751000.0,-107580000.0
VNO,2016-03-31,False,Q1,2016,10-Q,613037000.0,-280000.0,-114163000.0,-0.61,-0.61,0.63,20873374000.0,,,1673566000.0,7299556000.0,276645000.0,-241598000.0,-197188000.0
WDR,2016-03-31,False,Q1,2016,10-Q,323816000.0,71433000.0,36968000.0,0.45,0.45,0.46,1444713000.0,1114827000.0,351901000.0,447112000.0,835200000.0,-47281000.0,948000.0,-65050000.0
WAC,2016-03-31,False,Q1,2016,10-Q,66771000.0,,-172702000.0,-4.85,-4.85,0.0,18279935000.0,,,194418000.0,632037000.0,202735000.0,57947000.0,-269092000.0
WRI,2016-03-31,False,Q1,2016,10-Q,132417000.0,48604000.0,107074000.0,0.87,0.85,0.365,4033840000.0,,,27200000.0,1622590000.0,50498000.0,-39804000.0,-5662000.0
WAL,2016-03-31,False,Q1,2016,10-Q,167389000.0,,61332000.0,0.6,0.6,0.0,15248039000.0,,,1030977000.0,1660163000.0,71315000.0,-155516000.0,890538000.0
WSR,2016-03-31,False,Q1,2016,10-Q,25435000.0,,4997000.0,0.18,0.18,0.285,782961000.0,,,2447000.0,239209000.0,5676000.0,-3267000.0,-2549000.0
WG,2016-03-31,False,Q1,2016,10-Q,199030000.0,-9461000.0,405000.0,-0.25,-0.25,0.0,431372000.0,243274000.0,136970000.0,51686000.0,165682000.0,-1418000.0,-882000.0,-5433000.0
WTM,2016-03-31,False,Q1,2016,10-Q,427100000.0,,13000000.0,2.34,2.34,1.0,10391800000.0,,,170400000.0,4237300000.0,-92400000.0,174800000.0,-98800000.0
INT,2016-03-31,False,Q1,2016,10-Q,5192600000.0,63300000.0,52400000.0,0.75,0.75,0.0,4419700000.0,3110600000.0,1555000000.0,689700000.0,1973200000.0,138500000.0,-52500000.0,19700000.0
XRX,2016-03-31,False,Q1,2016,10-Q,4281000000.0,,34000000.0,0.03,0.03,0.0775,24857000000.0,6808000000.0,6146000000.0,1189000000.0,9163000000.0,-25000000.0,-125000000.0,-42000000.0
