symbol,end_date,amend,period_focus,fiscal_year,doc_type,revenues,op_income,net_income,eps_basic,eps_diluted,dividend,assets,cur_assets,cur_liab,cash,equity,cash_flow_op,cash_flow_inv,cash_flow_fin
AOI,2015-06-30,True,Q1,2016,10-Q,266282000.0,-2904000.0,-25957000.0,-2.93,-2.93,0.0,1831686000.0,1427269000.0,660490000.0,20093000.0,175836000.0,-234053000.0,-6302000.0,260551000.0
AOI,2015-09-30,False,Q2,2016,10-Q,414853000.0,25647000.0,-21759000.0,-2.44,-2.44,0.0,1947690000.0,1559974000.0,788645000.0,,158499000.0,-358967000.0,-8091000.0,373607000.0
AOI,2015-03-31,True,FY,2015,10-K,2066865000.0,97969000.0,-26302000.0,-2.96,-2.96,0.0,1626646000.0,1217095000.0,584424000.0,-608000.0,197268000.0,-55223000.0,-11662000.0,-23436000.0
AOI,2015-12-31,False,Q3,2016,10-Q,491139000.0,38518000.0,11520000.0,1.3,1.3,0.0,1961629000.0,1577699000.0,776158000.0,,173761000.0,-345006000.0,-10893000.0,406079000.0
ABMD,2016-03-31,False,FY,2016,10-K,329543000.0,65104000.0,38147000.0,0.9,0.85,0.0,423931000.0,288392000.0,46541000.0,48231000.0,368775000.0,76795000.0,-57710000.0,7160000.0
AEO,2016-04-30,False,Q1,2016,10-Q,749416000.0,58676000.0,40476000.0,0.22,0.22,0.125,1596296000.0,729327000.0,418486000.0,238976000.0,1077308000.0,29869000.0,-25094000.0,-29114000.0
AM,2016-02-29,False,FY,2016,10-K,1889994000.0,219027000.0,129842000.0,,,0.0,1603449000.0,559868000.0,377940000.0,100893000.0,429294000.0,127369000.0,38176000.0,-103919000.0
UHAL,2016-03-31,False,FY,2016,10-K,3275656000.0,866814000.0,489001000.0,24.95,24.95,5.0,8150725000.0,,,600646000.0,2251406000.0,1041063000.0,-1273399000.0,406872000.0
AMAT,2016-05-01,False,Q2,2016,10-Q,2450000000.0,425000000.0,320000000.0,0.29,0.29,0.1,13075000000.0,6728000000.0,2611000000.0,2470000000.0,6565000000.0,688000000.0,-114000000.0,-2901000000.0
BBSI,2015-12-31,False,FY,2015,10-K,740841000.0,36428000.0,25494000.0,3.55,3.47,0.88,496777000.0,227009000.0,237393000.0,25218000.0,54551000.0,100631000.0,-55596000.0,-31361000.0
BURL,2016-04-30,False,Q1,2016,10-Q,1288884000.0,,37514000.0,0.53,0.52,0.0,2605901000.0,981490000.0,874909000.0,28100000.0,-105238000.0,30377000.0,-30342000.0,7150000.0
CSRA,2016-04-01,False,FY,2016,10-K,4250447000.0,562730000.0,87145000.0,0.54,0.53,0.2,4846300000.0,1004522000.0,1085739000.0,130016000.0,90238000.0,553516000.0,-1605319000.0,1176840000.0
CSS,2016-03-31,False,FY,2016,10-K,126599000.0,,17236000.0,1.88,1.87,0.74,309926000.0,210691000.0,33805000.0,19927000.0,271490000.0,15123000.0,-14058000.0,-17567000.0
PLCE,2016-04-30,False,Q1,2016,10-Q,419351000.0,39610000.0,25985000.0,1.35,1.33,0.2,869216000.0,556825000.0,250786000.0,174801000.0,523499000.0,28295000.0,-25834000.0,-23945000.0
DE,2016-04-30,False,Q2,2016,10-Q,7875400000.0,848000000.0,495200000.0,1.57,1.56,0.6,59183300000.0,,,4133200000.0,7176700000.0,-312400000.0,210000000.0,20900000.0
DKS,2016-04-30,False,Q1,2016,10-Q,1660343000.0,90711000.0,56877000.0,0.51,0.5,0.15125,3878367000.0,2070678000.0,1283310000.0,92493000.0,1804133000.0,-135000.0,-88842000.0,62442000.0
DG,2016-04-29,False,Q1,2016,10-Q,5265432000.0,480743000.0,295124000.0,1.03,1.03,0.25,11316384000.0,3477346000.0,2011594000.0,187687000.0,5388383000.0,403953000.0,-98645000.0,-275568000.0
CRUS,2016-03-26,False,FY,2016,10-K,1169251000.0,180211000.0,123630000.0,1.96,1.87,0.0,1181883000.0,506129000.0,128124000.0,168793000.0,859483000.0,155282000.0,14007000.0,-76897000.0
DY,2016-04-23,False,Q3,2016,10-Q,664645000.0,,33083000.0,1.02,1.0,0.0,1599286000.0,848784000.0,242545000.0,19327000.0,501740000.0,78973000.0,-181572000.0,100637000.0
EXP,2016-03-31,False,FY,2016,10-K,1143492000.0,273028000.0,152592000.0,3.08,3.05,0.4,1883635000.0,380003000.0,120589000.0,5391000.0,1040531000.0,265767000.0,-121990000.0,-145900000.0
CPRT,2016-04-30,False,Q3,2016,10-Q,347246000.0,121948000.0,74016000.0,0.67,0.64,0.0,1624135000.0,464505000.0,203581000.0,137653000.0,716527000.0,207498000.0,-142969000.0,-379575000.0
DEST,2016-04-30,False,Q1,2016,10-Q,124430000.0,7222000.0,4041000.0,0.3,0.3,0.0,225331000.0,115722000.0,66390000.0,3782000.0,97202000.0,-5959000.0,-3658000.0,11281000.0
EVTC,2016-03-31,False,Q1,2016,10-Q,95479000.0,26566000.0,19136000.0,0.26,0.26,0.1,869882000.0,141856000.0,100322000.0,36039000.0,109659000.0,30231000.0,-5669000.0,-17270000.0
EVTC,2015-12-31,False,FY,2015,10-K,373528000.0,103360000.0,85368000.0,1.11,1.11,0.0,870102000.0,134723000.0,102501000.0,28747000.0,98214000.0,162419000.0,-53068000.0,-112718000.0
EDUC,2016-02-29,False,FY,2016,10-K,63618300.0,,2119300.0,0.52,0.52,0.09,49695000.0,22502800.0,18778100.0,1183700.0,13229500.0,6650600.0,-24911600.0,19060800.0
EA,2016-03-31,False,FY,2016,10-K,4396000000.0,898000000.0,1156000000.0,3.73,3.5,0.0,7050000000.0,4354000000.0,2418000000.0,2493000000.0,3396000000.0,1223000000.0,-484000000.0,-306000000.0
PLUS,2016-03-31,False,FY,2016,10-K,1204199000.0,75751000.0,44747000.0,6.17,6.09,0.0,616680000.0,477976000.0,273446000.0,94766000.0,318878000.0,13382000.0,-50179000.0,55176000.0
EVLV,2016-04-30,False,Q1,2016,10-Q,166920000.0,-3534000.0,-4942000.0,-0.09,-0.09,0.0,267208000.0,202080000.0,107433000.0,32723000.0,72270000.0,7342000.0,-1605000.0,15089000.0
EXA,2016-04-30,False,Q1,2016,10-Q,16785000.0,-1010000.0,-943000.0,-0.06,-0.06,0.0,70064000.0,55285000.0,44445000.0,39182000.0,17226000.0,11873000.0,-521000.0,-694000.0
INVN,2016-04-03,False,FY,2016,10-K,418395000.0,2897000.0,-21210000.0,-0.23,-0.23,0.0,622461000.0,397854000.0,65448000.0,41105000.0,378745000.0,83038000.0,-129867000.0,2297000.0
KEM,2016-03-31,False,FY,2016,10-K,734823000.0,32326000.0,-53629000.0,-1.17,-1.17,0.0,702544000.0,352547000.0,123754000.0,65004000.0,112481000.0,32365000.0,-20588000.0,-3803000.0
LGF,2016-03-31,False,FY,2016,10-K,2347419000.0,-25030000.0,50209000.0,0.34,0.33,0.34,3855508000.0,,,57742000.0,850273000.0,-19006000.0,-162064000.0,135723000.0
MOD,2016-03-31,False,FY,2016,10-K,1352500000.0,-7500000.0,-1600000.0,-0.03,-0.03,0.0,920900000.0,412500000.0,273600000.0,68900000.0,382700000.0,72400000.0,-77800000.0,2700000.0
MOV,2016-04-30,False,Q1,2017,10-Q,114063000.0,5378000.0,3308000.0,0.14,0.14,0.13,594062000.0,494540000.0,65761000.0,203909000.0,459418000.0,-20981000.0,-1990000.0,-10233000.0
NEWR,2016-03-31,False,FY,2016,10-K,181309000.0,-67638000.0,-67487000.0,-1.39,-1.39,0.0,294444000.0,229951000.0,93203000.0,65914000.0,193233000.0,4006000.0,-58051000.0,14702000.0
KLX,2016-04-30,False,Q1,2016,10-Q,368200000.0,29100000.0,6200000.0,0.12,0.12,0.0,3720700000.0,2040300000.0,255600000.0,449000000.0,2234000000.0,41400000.0,-19200000.0,-3300000.0
PANW,2016-04-30,False,Q3,2016,10-Q,345800000.0,-58600000.0,-70200000.0,-0.8,-0.8,0.0,2507000000.0,1446200000.0,1239000000.0,550000000.0,659000000.0,470600000.0,-339300000.0,42900000.0
MNRO,2016-03-26,False,FY,2016,10-K,943651000.0,120589000.0,66349000.0,2.07,2.0,0.6,999438000.0,170075000.0,167571000.0,7985000.0,536195000.0,126504000.0,-83227000.0,-43022000.0
NVDA,2016-05-01,False,Q1,2017,10-Q,1305000000.0,245000000.0,196000000.0,0.36,0.33,0.115,7108000000.0,5790000000.0,2377000000.0,547000000.0,4196000000.0,309000000.0,176000000.0,-534000000.0
TGT,2016-04-30,False,Q1,2016,10-Q,16196000000.0,1323000000.0,632000000.0,1.06,1.05,0.56,39908000000.0,13948000000.0,12019000000.0,4036000000.0,12545000000.0,247000000.0,-279000000.0,22000000.0
PLKI,2016-04-17,False,Q1,2016,10-Q,82200000.0,22100000.0,12900000.0,0.58,0.58,0.0,267400000.0,63400000.0,50300000.0,13400000.0,43300000.0,14800000.0,-3200000.0,-7300000.0
TDW,2016-03-31,False,FY,2016,10-K,979062000.0,-69524000.0,-160183000.0,-3.41,-3.41,0.75,4990547000.0,1323314000.0,2459128000.0,678438000.0,2305554000.0,253360000.0,-134996000.0,481506000.0
TIF,2016-04-30,False,Q1,2016,10-Q,891300000.0,134600000.0,87500000.0,0.69,0.69,0.4,5148200000.0,3522200000.0,717800000.0,779600000.0,2959300000.0,79100000.0,-12700000.0,-131500000.0
QSII,2016-03-31,False,FY,2016,10-K,492477000.0,7362000.0,5657000.0,0.09,0.09,0.525,530790000.0,183991000.0,138060000.0,27176000.0,269377000.0,40796000.0,-190373000.0,57760000.0
QLGC,2016-04-03,False,FY,2016,10-K,458913000.0,48797000.0,46466000.0,0.55,0.54,0.0,823868000.0,463406000.0,61076000.0,125408000.0,747378000.0,121521000.0,-48925000.0,-62429000.0
ROLL,2016-04-02,False,FY,2016,10-K,597472000.0,103841000.0,63894000.0,2.75,2.72,0.0,1098510000.0,428957000.0,88317000.0,39208000.0,620947000.0,83360000.0,-520138000.0,349789000.0
SAFM,2016-04-30,False,Q2,2016,10-Q,692089000.0,73774000.0,46867000.0,2.11,2.11,0.22,1324300000.0,597995000.0,146964000.0,223122000.0,1089444000.0,107724000.0,-66925000.0,-14336000.0
SHLD,2016-04-30,False,Q1,2016,10-Q,5394000000.0,-368000000.0,-471000000.0,-4.41,-4.41,0.0,11175000000.0,6120000000.0,4594000000.0,286000000.0,-2360000000.0,-722000000.0,-2000000.0,772000000.0
SPTN,2016-04-23,False,Q1,2016,10-Q,2278770000.0,21660000.0,9851000.0,0.26,0.26,0.15,1920784000.0,896032000.0,450777000.0,28687000.0,791482000.0,8553000.0,-12926000.0,10505000.0
SPWH,2016-04-30,False,Q1,2016,10-Q,151615000.0,2356000.0,311000.0,0.01,0.01,0.0,338786000.0,260669000.0,176199000.0,2404000.0,-2351000.0,-15646000.0,-8720000.0,24661000.0
VSAT,2016-03-31,False,FY,2016,10-K,1417431000.0,41119000.0,21741000.0,0.45,0.44,0.0,2405846000.0,523334000.0,279989000.0,42088000.0,1134424000.0,296937000.0,-456285000.0,149122000.0
