symbol,end_date,amend,period_focus,fiscal_year,doc_type,revenues,op_income,net_income,eps_basic,eps_diluted,dividend,assets,cur_assets,cur_liab,cash,equity,cash_flow_op,cash_flow_inv,cash_flow_fin
BTN,2015-12-31,False,FY,2015,10-K,92829000.0,-4954000.0,-17467000.0,-1.24,-1.24,0.0,66864000.0,45946000.0,17767000.0,22070000.0,44512000.0,7982000.0,-6205000.0,-203000.0
NBY,2015-12-31,False,FY,2015,10-K,4381000.0,-21014000.0,-18973000.0,-6.82,-6.82,0.0,5077000.0,4527000.0,4633000.0,2385000.0,-5098000.0,-18559000.0,-86000.0,15601000.0
TIS,2015-12-31,False,FY,2015,10-K,168446000.0,19450000.0,13554000.0,1.39,1.38,1.4,251379000.0,39613000.0,18860000.0,4361000.0,133783000.0,18791000.0,-75189000.0,59738000.0
ALG,2015-12-31,False,FY,2015,10-K,879577000.0,66528000.0,43209000.0,3.81,3.76,0.32,603503000.0,362886000.0,85024000.0,26922000.0,360469000.0,52560000.0,-14698000.0,-48196000.0
AMRC,2015-12-31,False,FY,2015,10-K,630832000.0,7057000.0,-2551000.0,0.06,0.06,0.0,728743000.0,263698000.0,179723000.0,21645000.0,289542000.0,-49538000.0,-51829000.0,100705000.0
AMID,2015-12-31,False,FY,2015,10-K,235034000.0,-119697000.0,-127480000.0,-6.0,,0.0,891296000.0,29199000.0,39321000.0,0.0,,40937000.0,-171108000.0,129672000.0
AMTG,2015-12-31,False,FY,2015,10-K,-112853000.0,,-25395000.0,-0.81,-0.81,0.0,3663025000.0,,,120144000.0,694863000.0,48231000.0,563201000.0,-605731000.0
ASPN,2015-12-31,False,FY,2015,10-K,122518000.0,-6235000.0,-6417000.0,-0.28,-0.28,0.0,140074000.0,61647000.0,17409000.0,32804000.0,122474000.0,5359000.0,-21956000.0,-318000.0
ARP,2015-12-31,False,FY,2015,10-K,740033000.0,-705502000.0,-808780000.0,,,0.0,1731004000.0,266992000.0,162000000.0,1353000.0,,172804000.0,-204002000.0,17304000.0
AT,2015-12-31,False,FY,2015,10-K,420200000.0,,-62400000.0,-0.51,-0.51,0.09,1717100000.0,160300000.0,92300000.0,72400000.0,435200000.0,87400000.0,320900000.0,-445800000.0
BKS,2016-01-30,False,Q3,2016,10-Q,1413947000.0,133856000.0,78084000.0,1.04,1.04,0.15,2206420000.0,1361341000.0,1296187000.0,63557000.0,637460000.0,246052000.0,-70687000.0,-71991000.0
CABO,2015-12-31,False,FY,2015,10-K,807266000.0,161742000.0,89033000.0,15.21,15.19,0.0,1408595000.0,166353000.0,126832000.0,112789000.0,435346000.0,246413000.0,-155225000.0,21601000.0
ELY,2015-12-31,False,FY,2015,10-K,843794000.0,26943000.0,14568000.0,0.18,0.17,0.04,631224000.0,391487000.0,178636000.0,49801000.0,412945000.0,30581000.0,-18411000.0,948000.0
CTT,2015-12-31,False,FY,2015,10-K,69122000.0,-4820000.0,-8387000.0,-0.21,-0.21,0.0,599095000.0,,,8025000.0,411038000.0,28494000.0,-78461000.0,40627000.0
CHGG,2015-12-31,False,FY,2015,10-K,301373000.0,-57700000.0,-59210000.0,-0.68,-0.68,0.0,291356000.0,132835000.0,56111000.0,67029000.0,231075000.0,-82000.0,8271000.0,2723000.0
CIO,2015-12-31,False,FY,2015,10-K,55052000.0,4527000.0,-6591000.0,-0.53,-0.53,0.94,443600000.0,,,8138000.0,73720000.0,14163000.0,-175471000.0,134584000.0
CIT,2015-12-31,False,FY,2015,10-K,3884900000.0,,1056600000.0,5.7,5.67,0.6,67498800000.0,,,1481200000.0,10978600000.0,1157300000.0,1155100000.0,-997300000.0
COO,2016-01-31,False,Q1,2016,10-Q,449641000.0,57396000.0,51356000.0,1.06,1.05,0.0,4401802000.0,844504000.0,347969000.0,16047000.0,2606726000.0,89539000.0,-106028000.0,17759000.0
DEL,2015-12-31,False,FY,2015,10-K,193851000.0,11018000.0,2623000.0,0.21,0.21,0.4,539167000.0,30733000.0,58479000.0,5429000.0,253968000.0,29661000.0,-27882000.0,889000.0
DVD,2015-12-31,False,FY,2015,10-K,8617000.0,8841000.0,5285000.0,0.14,0.14,0.05,82448000.0,27506000.0,4630000.0,1000.0,51993000.0,7063000.0,-268000.0,-6818000.0
DDE,2015-12-31,False,FY,2015,10-K,182946000.0,3875000.0,1829000.0,0.06,0.06,0.0,173957000.0,27378000.0,51343000.0,10496000.0,115008000.0,9719000.0,-1634000.0,-7668000.0
ECR,2015-12-31,False,FY,2015,10-K,255321000.0,-987485000.0,-971410000.0,-4.46,-4.46,0.0,1266412000.0,269384000.0,113842000.0,184405000.0,620554000.0,80299000.0,-437268000.0,473857000.0
EGL,2015-12-31,False,FY,2015,10-K,2085623000.0,-189448000.0,-235352000.0,-7.02,-7.02,0.0,2274969000.0,441440000.0,313461000.0,30022000.0,706133000.0,48418000.0,5868000.0,-31387000.0
ENVA,2015-12-31,False,FY,2015,10-K,652600000.0,124387000.0,43992000.0,1.33,1.33,3.71,880870000.0,,,42066000.0,205968000.0,283921000.0,-372169000.0,56617000.0
FOR,2015-12-31,False,FY,2015,10-K,262421000.0,-164684000.0,-213047000.0,-6.22,-6.22,0.0,980513000.0,,,96442000.0,504115000.0,35126000.0,-60328000.0,-48483000.0
AVHI,2015-12-31,False,FY,2015,10-K,92500000.0,38017000.0,11950000.0,0.54,0.54,0.0,742016000.0,,,46898000.0,301681000.0,-58977000.0,-97825000.0,23366000.0
FCTY,2015-12-31,False,FY,2015,10-K,668000.0,,2553000.0,0.27,0.26,0.0,731950000.0,,,8889000.0,64903000.0,-32000.0,-151492000.0,142319000.0
ACNB,2015-12-31,False,FY,2015,10-K,5010000.0,,11017000.0,1.83,1.83,0.8,1147925000.0,,,13468000.0,114715000.0,14379000.0,-64144000.0,48849000.0
ACRX,2015-12-31,False,FY,2015,10-K,19263000.0,-19954000.0,-24399000.0,-0.55,-0.6,0.0,127785000.0,118947000.0,12780000.0,107922000.0,33113000.0,-19953000.0,8203000.0,59634000.0
HVT,2015-12-31,False,FY,2015,10-K,804870000.0,,27789000.0,2.42,2.3899999999999997,0.34,471251000.0,218711000.0,93962000.0,70659000.0,301739000.0,52232000.0,-28355000.0,-18699000.0
HCI,2015-12-31,False,FY,2015,10-K,285952000.0,,65861000.0,6.51,5.9,1.2,636986000.0,,,267738000.0,237722000.0,45270000.0,-80362000.0,-11525000.0
HRL,2016-01-24,False,Q1,2016,10-Q,2292672000.0,359538000.0,235061000.0,0.44,0.43,0.145,6040889000.0,1946083000.0,1020098000.0,375215000.0,4163513000.0,278691000.0,-20981000.0,-227474000.0
AMSWA,2016-01-31,False,Q3,2016,10-Q,27095000.0,2518000.0,2111000.0,0.07,0.07,0.1,134682000.0,90305000.0,38644000.0,42962000.0,94160000.0,8465000.0,-3162000.0,-6996000.0
IL,2015-12-31,False,FY,2015,10-K,276153000.0,-23198000.0,-30384000.0,-0.53,-0.53,0.0,461713000.0,123136000.0,94266000.0,47875000.0,282151000.0,30702000.0,-27393000.0,5113000.0
AREX,2015-12-31,False,FY,2015,10-K,131336000.0,-272453000.0,-174104000.0,-4.3,-4.3,0.0,1174984000.0,20438000.0,28508000.0,600000.0,607967000.0,102716000.0,-217347000.0,114799000.0
ARDX,2015-12-31,False,FY,2015,10-K,24026000.0,-29389000.0,-29621000.0,-1.29,-1.29,0.0,116946000.0,112031000.0,7723000.0,107004000.0,108901000.0,-71840000.0,-3454000.0,75012000.0
JOY,2016-01-29,False,Q1,2016,10-Q,526300000.0,-45087000.0,-40221000.0,-0.41,-0.41,0.01,3480734000.0,1864406000.0,833659000.0,139933000.0,1344418000.0,108589000.0,1186000.0,-66802000.0
ATRA,2015-12-31,False,FY,2015,10-K,1000000000.0,-58448000.0,-57221000.0,-2.24,-2.24,0.0,324975000.0,324597000.0,9709000.0,23746000.0,315100000.0,-37156000.0,-220127000.0,259226000.0
AFH,2015-12-31,False,FY,2015,10-K,156851000.0,,14154000.0,1.18,1.13,0.0,411573000.0,,,22354000.0,129622000.0,8477000.0,-40354000.0,17645000.0
KEG,2015-12-31,False,FY,2015,10-K,0.0,-1027309000.0,-917701000.0,-5.86,-5.86,0.0,1327798000.0,420426000.0,154483000.0,204354000.0,140290000.0,-22386000.0,-19403000.0,218729000.0
AAVL,2015-12-31,False,FY,2015,10-K,2319000.0,-47823000.0,-47453000.0,-1.86,-1.86,0.0,264319000.0,260992000.0,6574000.0,221348000.0,252592000.0,-35338000.0,-41569000.0,138860000.0
AVGR,2015-12-31,False,FY,2015,10-K,10713000.0,-40690000.0,-49728000.0,-4.38,-4.38,0.0,54104000.0,51057000.0,7481000.0,43059000.0,15589000.0,-40883000.0,-322000.0,71948000.0
ACLS,2015-12-31,False,FY,2015,10-K,301495000.0,20718000.0,14678000.0,0.13,0.12,0.0,288280000.0,236453000.0,44368000.0,78889000.0,190260000.0,18259000.0,-1830000.0,31422000.0
BKMU,2015-12-31,False,FY,2015,10-K,101140000.0,,14177000.0,0.31,0.31,0.19,2502167000.0,,,27971000.0,279394000.0,16251000.0,-190854000.0,172927000.0
BWINB,2015-12-31,False,FY,2015,10-K,280275000.0,,23283000.0,1.55,1.55,1.0,1085771000.0,,,73538000.0,394498000.0,38197000.0,-12832000.0,-15003000.0
BKSC,2015-12-31,False,FY,2015,10-K,17279906.0,,4884288.0,0.99,0.96,0.52,399172512.0,,,5295924.0,39151712.0,7115612.0,-15356884.0,27057010.0
BYLK,2015-12-31,False,FY,2015,10-K,44971000.0,,8017000.0,0.86,0.85,0.34,1093917000.0,,,70458000.0,114349000.0,10919000.0,7127000.0,-7777000.0
BBCN,2015-12-31,False,FY,2015,10-K,357351000.0,,92258000.0,1.16,1.16,0.0,7912648000.0,,,94934000.0,938095000.0,122886000.0,-949788000.0,663131000.0
LADR,2015-12-31,False,FY,2015,10-K,442760000.0,,73821000.0,1.43,1.42,2.225,5895212000.0,,,108959000.0,1491408000.0,40588000.0,-29847000.0,22000000.0
BRID,2016-01-22,False,Q1,2016,10-Q,36156000.0,,1872000.0,0.21,0.21,0.0,76767000.0,42665000.0,13471000.0,12642000.0,37492000.0,7438000.0,-577000.0,-61000.0
BRCD,2016-01-30,False,Q1,2016,10-Q,574284000.0,120966000.0,93646000.0,0.23,0.23,0.045,3908895000.0,1661060000.0,484839000.0,1392009000.0,2501193000.0,112200000.0,-23589000.0,-136168000.0
MNI,2015-12-27,False,FY,2015,10-K,1056574000.0,-245339000.0,-300162000.0,-3.47,-3.47,0.0,1923034000.0,205062000.0,165727000.0,9332000.0,192763000.0,-122529000.0,13840000.0,-102840000.0
CFFI,2015-12-31,False,FY,2015,10-K,107763000.0,,12530000.0,3.68,3.68,1.22,1405076000.0,,,152943000.0,131059000.0,15332000.0,-83663000.0,53658000.0
CACB,2015-12-31,False,FY,2015,10-K,105360000.0,,20579000.0,0.29,0.29,0.0,2468029000.0,,,77805000.0,336774000.0,37682000.0,-145348000.0,102382000.0
CSCD,2015-12-31,False,FY,2015,10-K,143978000.0,17891000.0,12350000.0,0.75,0.73,0.0,132311000.0,93317000.0,18939000.0,32107000.0,109396000.0,14715000.0,-8820000.0,-11101000.0
CASS,2015-12-31,False,FY,2015,10-K,120817000.0,,23056000.0,2.03,2.0,0.85,1455506000.0,,,9015000.0,207378000.0,33493000.0,-3636000.0,-71020000.0
CASY,2016-01-31,False,Q3,2016,10-Q,1565940000.0,,38099000.0,0.98,0.97,0.0,2670549000.0,304726000.0,359752000.0,53563000.0,1043130000.0,342084000.0,-313294000.0,-23768000.0
CENX,2015-12-31,False,FY,2015,10-K,1949857000.0,-39088000.0,-59310000.0,-0.68,-0.68,0.0,1752468000.0,448057000.0,167319000.0,115393000.0,1017870000.0,31866000.0,-43363000.0,-36352000.0
NAV,2016-01-31,False,Q1,2016,10-Q,1765000000.0,,-33000000.0,-0.4,-0.4,0.0,5980000000.0,3939000000.0,3800000000.0,579000000.0,-5190000000.0,-102000000.0,-59000000.0,-175000000.0
CCNE,2015-12-31,False,FY,2015,10-K,10884000.0,,22080000.0,1.54,1.54,0.66,2285136000.0,,,23302000.0,201913000.0,33626000.0,-100714000.0,66411000.0
CWBC,2015-12-31,False,FY,2015,10-K,32531000.0,,2554000.0,0.31,0.3,0.11,621213000.0,,,35519000.0,61944000.0,7012000.0,-49881000.0,59429000.0
CSAL,2015-12-31,False,FY,2015,10-K,67817000.0,,,,,0.0,2542636000.0,,,142498000.0,-1166906000.0,293208000.0,-1079442000.0,928714000.0
CNOB,2015-12-31,False,FY,2015,10-K,152140000.0,,41199000.0,1.38,1.36,0.28,4016721000.0,,,31291000.0,477344000.0,52302000.0,-509907000.0,531653000.0
CRAI,2016-01-02,False,FY,2015,10-K,303559000.0,12394000.0,7657000.0,0.84,0.83,0.0,313717000.0,140794000.0,86458000.0,38139000.0,211068000.0,20424000.0,-16496000.0,-13044000.0
CCLP,2015-12-31,False,FY,2015,10-K,457641000.0,,-146630000.0,-4.36,-4.36,0.0,980450000.0,126200000.0,66900000.0,10620000.0,,101893000.0,-95341000.0,-28360000.0
OPWR,2015-12-31,False,FY,2015,10-K,148691000.0,-43395000.0,-44859000.0,-0.87,-0.87,0.0,173761000.0,119131000.0,93855000.0,25931000.0,78135000.0,-14312000.0,-81540000.0,-2682000.0
CTMX,2015-12-31,False,FY,2015,10-K,7712000.0,-33203000.0,-42079000.0,-4.9,-4.9,0.0,197215000.0,189754000.0,15739000.0,59822000.0,126068000.0,-27415000.0,-130562000.0,153403000.0
OPY,2015-12-31,False,FY,2015,10-K,928385000.0,,1962000.0,0.14,0.14,0.44,2692964000.0,,,63364000.0,525082000.0,-20819000.0,-5889000.0,26265000.0
DAKT,2016-01-30,False,Q3,2016,10-Q,123816000.0,-5546000.0,-1953000.0,-0.04,-0.04,0.1,348138000.0,259803000.0,115504000.0,31677000.0,205971000.0,2193000.0,-14288000.0,-12592000.0
TACO,2015-12-29,False,FY,2015,10-K,1900000.0,,-137000.0,,,0.0,703572000.0,19765000.0,51453000.0,10194000.0,368377000.0,17085000.0,42566000.0,-49457000.0
DERM,2015-12-31,False,FY,2015,10-K,7300000.0,-79646000.0,-78399000.0,-2.93,-2.93,0.0,221932000.0,217233000.0,25896000.0,107242000.0,185475000.0,-48442000.0,-2603000.0,102929000.0
DGLY,2015-12-31,False,FY,2015,10-K,20030208.0,-7621471.0,-12037892.0,-2.77,-2.77,0.0,23474210.0,21683242.0,2991495.0,6924079.0,18755540.0,-7686769.0,881047.0,10680085.0
PQ,2015-12-31,False,FY,2015,10-K,115969000.0,-292164000.0,-299929000.0,-4.61,-4.61,0.0,379319000.0,209245000.0,158784000.0,148013000.0,-163067000.0,30105000.0,181097000.0,-81432000.0
VGGL,2015-12-31,False,Q2,2016,10-Q,1782000.0,-38645000.0,-44694000.0,-1.41,-1.41,0.0,38817000.0,5093000.0,34707000.0,732000.0,-33547000.0,-5044000.0,535000.0,1024000.0
DTSI,2015-12-31,False,FY,2015,10-K,138209000.0,-11709000.0,-12301000.0,-0.71,-0.71,0.0,407940000.0,84304000.0,56259000.0,52208000.0,205032000.0,4165000.0,-169677000.0,118285000.0
PLNT,2015-12-31,False,FY,2015,10-K,330537000.0,72102000.0,18518000.0,0.11,0.11,0.0,699177000.0,72945000.0,66252000.0,31430000.0,-14032000.0,81663000.0,-19161000.0,-74240000.0
ERII,2015-12-31,False,FY,2015,10-K,43671000.0,-11791000.0,-11638000.0,-0.22,-0.22,0.0,151799000.0,123531000.0,16024000.0,99931000.0,63659000.0,69055000.0,14018000.0,1374000.0
FCBC,2015-12-31,False,FY,2015,10-K,125632000.0,,24435000.0,1.32,1.31,0.54,2462276000.0,,,37383000.0,343017000.0,58519000.0,-70785000.0,-173607000.0
SFE,2015-12-31,False,FY,2015,10-K,401182000.0,-17554000.0,-59524000.0,-2.85,-2.85,0.0,257634000.0,69668000.0,6417000.0,32838000.0,195505000.0,-17749000.0,-56989000.0,-4321000.0
CRM,2016-01-31,False,FY,2016,10-K,6667216000.0,114923000.0,-47426000.0,-0.07,-0.07,0.0,12770772000.0,4347327000.0,5617005000.0,1158363000.0,5002869000.0,1612585000.0,-1487878000.0,132648000.0
FMBH,2015-12-31,False,FY,2015,10-K,6160000.0,,14312000.0,1.84,1.81,0.59,2114499000.0,,,1660000.0,205009000.0,6089000.0,-27825000.0,21667000.0
BFS,2015-12-31,False,FY,2015,10-K,209077000.0,52930000.0,30093000.0,1.42,1.42,0.43,1304145000.0,,,10003000.0,353727000.0,88896000.0,-69587000.0,-21434000.0
FORM,2015-12-26,False,FY,2015,10-K,282358000.0,-4103000.0,-1523000.0,-0.03,-0.03,0.0,342723000.0,258018000.0,43581000.0,146264000.0,294681000.0,36122000.0,1129000.0,-4792000.0
RAIL,2015-12-31,False,FY,2015,10-K,772854000.0,46763000.0,31805000.0,2.59,2.58,0.36,406904000.0,280681000.0,72557000.0,83068000.0,235111000.0,-65685000.0,35732000.0,-511000.0
GLUU,2015-12-31,False,FY,2015,10-K,249900000.0,-6301000.0,-7185000.0,-0.06,-0.06,0.0,402986000.0,237054000.0,70626000.0,180542000.0,306428000.0,-11465000.0,-6924000.0,128370000.0
TTI,2015-12-31,False,FY,2015,10-K,1130145000.0,,-126183000.0,-1.59,-1.59,0.0,1656376000.0,355404000.0,185246000.0,23057000.0,514180000.0,195951000.0,-114987000.0,-103437000.0
HIIQ,2015-12-31,False,FY,2015,10-K,104704000.0,-1561000.0,601000.0,0.08,0.08,0.0,95784000.0,42501000.0,19308000.0,7695000.0,68054000.0,-11261000.0,-247000.0,3218000.0
HWAY,2015-12-31,False,FY,2015,10-K,770598000.0,3468000.0,-30947000.0,-0.86,-0.86,0.0,716997000.0,134787000.0,162190000.0,1870000.0,280590000.0,60960000.0,-37363000.0,-21851000.0
HWTL,2015-12-31,False,FY,2015,10-K,393413000.0,19262000.0,1100000.0,0.1,0.1,0.0,799695000.0,77717000.0,85815000.0,30312000.0,307699000.0,86921000.0,-97829000.0,1335000.0
RUBI,2015-12-31,False,FY,2015,10-K,248484000.0,-5598000.0,422000.0,0.01,0.01,0.0,536736000.0,365707000.0,250163000.0,116499000.0,278101000.0,76856000.0,-72861000.0,15468000.0
THO,2016-01-31,False,Q2,2016,10-Q,975071000.0,,45247000.0,0.85,0.85,0.3,1586363000.0,868105000.0,397203000.0,185371000.0,1131394000.0,51866000.0,-16125000.0,-33848000.0
HEOP,2015-12-31,False,FY,2015,10-K,0.0,,15279000.0,0.45,0.45,0.23,1899739000.0,,,69923000.0,206434000.0,21153000.0,-155015000.0,168205000.0
HTBK,2015-12-31,False,FY,2015,10-K,87728000.0,,14705000.0,0.48,0.48,0.32,2361579000.0,,,344092000.0,245436000.0,28494000.0,-68504000.0,261699000.0
HURC,2016-01-31,False,Q1,2016,10-Q,56503000.0,5737000.0,3873000.0,0.59,0.58,0.08,246020000.0,213419000.0,62467000.0,51786000.0,175103000.0,-734000.0,-1108000.0,-524000.0
SAAS,2015-12-31,False,FY,2015,10-K,221987000.0,-16871000.0,-22784000.0,-0.37,-0.37,0.0,254137000.0,150668000.0,40580000.0,29050000.0,125257000.0,4880000.0,-100247000.0,92003000.0
IBCP,2015-12-31,False,FY,2015,10-K,120972000.0,,20017000.0,0.88,0.86,0.26,2409066000.0,,,54260000.0,251092000.0,24035000.0,-160513000.0,148245000.0
TUP,2015-12-26,False,FY,2015,10-K,2283800000.0,315200000.0,185800000.0,3.72,3.69,2.72,1598200000.0,550500000.0,614000000.0,79800000.0,161000000.0,225700000.0,-43100000.0,-157100000.0
USPH,2015-12-31,False,FY,2015,10-K,331302000.0,47294000.0,22279000.0,1.77,1.77,0.6,279913000.0,60182000.0,19007000.0,15778000.0,193110000.0,41243000.0,-32240000.0,-7496000.0
UHT,2015-12-31,False,FY,2015,10-K,63950000.0,20637000.0,23691000.0,1.78,1.78,2.56,458901000.0,,,3894000.0,195042000.0,38178000.0,-44309000.0,6164000.0
NVIV,2015-12-31,False,FY,2015,10-K,,-22398000.0,-33314000.0,-1.26,-1.26,0.0,21792000.0,20739000.0,3312000.0,20194000.0,16929000.0,-16329000.0,-5000.0,23069000.0
KTWO,2015-12-31,False,FY,2015,10-K,216007000.0,-36270000.0,-39216000.0,-0.97,-0.97,0.0,374512000.0,155241000.0,47833000.0,34646000.0,286662000.0,-18310000.0,-14280000.0,56226000.0
KIN,2015-12-31,False,FY,2015,10-K,,-27262000.0,-27130000.0,-1.37,-1.37,0.0,79619000.0,73755000.0,3208000.0,19992000.0,76371000.0,-22757000.0,29437000.0,343000.0
KOPN,2015-12-26,False,FY,2015,10-K,32054419.0,-25321400.0,-14693416.0,-0.23,-0.23,0.0,106060086.0,101156222.0,11276844.0,19767889.0,94484779.0,-16919549.0,23302358.0,-986338.0
XOXO,2015-12-31,False,FY,2015,10-K,141644000.0,17236000.0,5464000.0,0.22,0.21,0.0,196741000.0,114325000.0,30803000.0,88509000.0,159467000.0,20548000.0,-11577000.0,-10417000.0
LIOX,2015-12-31,False,FY,2015,10-K,559984000.0,13752000.0,14237000.0,0.24,0.23,0.0,298660000.0,151032000.0,89540000.0,27831000.0,93137000.0,21312000.0,-83043000.0,55670000.0
MCHX,2015-12-31,False,FY,2015,10-K,143013000.0,-507000.0,26684000.0,1.3,1.3,0.04,204992000.0,135687000.0,16864000.0,109155000.0,187466000.0,12753000.0,21822000.0,-5452000.0
MRLN,2015-12-31,False,FY,2015,10-K,7809000.0,,15501000.0,1.25,1.25,2.0,772984000.0,,,4946000.0,150138000.0,26621000.0,-72553000.0,-4595000.0
MRNS,2015-12-31,False,FY,2015,10-K,0.0,-24432000.0,-24850000.0,-1.67,-1.67,0.0,59662000.0,57767000.0,7435000.0,51722000.0,46921000.0,-20129000.0,-6314000.0,28445000.0
MKTO,2015-12-31,False,FY,2015,10-K,209869000.0,-68452000.0,-71497000.0,-1.68,-1.68,0.0,225078000.0,166969000.0,123880000.0,107218000.0,93125000.0,2250000.0,-17081000.0,9809000.0
MBWM,2015-12-31,False,FY,2015,10-K,24166000.0,,27020000.0,1.63,1.62,0.58,2903556000.0,,,89891000.0,333804000.0,27187000.0,0.0,-23688000.0
MSEX,2015-12-31,False,FY,2015,10-K,126025000.0,35840000.0,19884000.0,1.23,1.22,0.776,584722000.0,24410000.0,28319000.0,3469000.0,55931000.0,51212000.0,-24383000.0,-26033000.0
MB,2015-12-31,False,FY,2015,10-K,101369000.0,-34742000.0,-44202000.0,-1.68,-1.68,0.0,141414000.0,103130000.0,16349000.0,93405000.0,105783000.0,-18574000.0,-12131000.0,89518000.0
MOCO,2015-12-31,False,FY,2015,10-K,61224000.0,4366000.0,2972000.0,0.52,0.51,0.44,47419000.0,24702000.0,9600000.0,6344000.0,33471000.0,6372000.0,-1683000.0,-4002000.0
NRCI,2015-12-31,False,FY,2015,10-K,102343000.0,26447000.0,17610000.0,2.94,2.9000000000000004,0.62,129099000.0,56111000.0,44171000.0,42145000.0,74222000.0,21886000.0,-1326000.0,-16869000.0
NHTC,2015-12-31,False,FY,2015,10-K,264860000.0,47877000.0,47241000.0,3.84,3.82,0.14,124152000.0,117712000.0,61573000.0,104914000.0,56809000.0,81326000.0,-3738000.0,-17471000.0
NLST,2016-01-02,False,FY,2015,10-K,8012000.0,-17381000.0,-20527000.0,-0.42,-0.42,0.0,24666000.0,24197000.0,12252000.0,19684000.0,-1334000.0,-9334000.0,-361000.0,18339000.0
NTAP,2016-01-29,False,Q3,2016,10-Q,1386000000.0,165000000.0,153000000.0,0.52,0.52,0.18,8785000000.0,6064000000.0,2476000000.0,2495000000.0,3109000000.0,629000000.0,753000000.0,-790000000.0
NEWS,2015-12-31,False,FY,2015,10-K,25000000.0,28841000.0,16890000.0,0.37,0.35,0.0,4092116000.0,,,35933000.0,659478000.0,-217375000.0,-967720000.0,1187995000.0
NDSN,2016-01-31,False,Q1,2016,10-Q,372220000.0,51978000.0,41161000.0,0.72,0.72,0.24,2317240000.0,680873000.0,236821000.0,60736000.0,650110000.0,48537000.0,-11006000.0,-25960000.0
NWPX,2015-12-31,False,FY,2015,10-K,236608000.0,-40210000.0,-29388000.0,-3.07,-3.07,0.0,259380000.0,115279000.0,21570000.0,10309000.0,217560000.0,55206000.0,3059000.0,-48483000.0
OFLX,2015-12-31,False,FY,2015,10-K,93278000.0,23503000.0,15788000.0,1.56,1.56,0.49,66274000.0,56691000.0,23552000.0,30152000.0,41154000.0,13250000.0,-620000.0,-4945000.0
OTIC,2015-12-31,False,FY,2015,10-K,,-61976000.0,-61668000.0,-2.57,-2.57,0.0,193030000.0,188155000.0,11291000.0,158664000.0,181534000.0,-49896000.0,-12676000.0,81426000.0
PPBI,2015-12-31,False,FY,2015,10-K,132797000.0,,25515000.0,1.21,1.19,0.0,2790646000.0,,,3412000.0,298980000.0,25248000.0,-332859000.0,275103000.0
PSTB,2015-12-31,False,FY,2015,10-K,107555000.0,,16606000.0,0.38,0.37,0.0,2514264000.0,,,53840000.0,284704000.0,42753000.0,-153175000.0,129558000.0
PCO,2015-12-31,False,FY,2015,10-K,43519000.0,-121135000.0,-109680000.0,-0.41,-0.41,0.0,180892000.0,164257000.0,4551000.0,162457000.0,176341000.0,-47000.0,-1968000.0,-4321000.0
PENN,2015-03-31,True,Q1,2015,10-Q,664138000.0,111689000.0,1686000.0,0.02,0.02,0.0,4724485000.0,409887000.0,504119000.0,237729000.0,-696628000.0,78036000.0,-65312000.0,16332000.0
PENN,2015-09-30,False,Q3,2015,10-Q,739297000.0,142172000.0,4424000.0,0.06,0.05,0.0,5142006000.0,373654000.0,534854000.0,223489000.0,-676202000.0,306145000.0,-683843000.0,392514000.0
PENN,2015-06-30,True,Q2,2015,10-Q,700956000.0,123361000.0,2692000.0,0.03,0.03,0.0,4744876000.0,397589000.0,541894000.0,233118000.0,-686309000.0,199692000.0,-163142000.0,-12105000.0
PENN,2014-12-31,True,FY,2014,10-K,2590527000.0,257188000.0,-183822000.0,-2.34,-2.34,0.0,4664894000.0,372608000.0,484587000.0,208673000.0,-708014000.0,262223000.0,-375536000.0,28991000.0
POPE,2015-12-31,False,FY,2015,10-K,4300000.0,10677000.0,10943000.0,2.51,2.51,0.0,370056000.0,18126000.0,16740000.0,9706000.0,216879000.0,20170000.0,-56108000.0,21616000.0
RVNC,2015-12-31,False,FY,2015,10-K,300000.0,-72317000.0,-73500000.0,-3.02,-3.02,0.0,275822000.0,253963000.0,12037000.0,201615000.0,253252000.0,-55669000.0,-56340000.0,142592000.0
RUTH,2015-12-27,False,FY,2015,10-K,373433000.0,44766000.0,30004000.0,0.88,0.87,0.24,198597000.0,30584000.0,77872000.0,3095000.0,97902000.0,54587000.0,-10292000.0,-45501000.0
RTIX,2015-12-31,False,FY,2015,10-K,282293000.0,24625000.0,11610000.0,0.2,0.2,0.0,381065000.0,191714000.0,59929000.0,12614000.0,181356000.0,8996000.0,-18238000.0,6274000.0
SGNT,2015-12-31,False,FY,2015,10-K,318296000.0,-44521000.0,-21882000.0,-0.67,-0.67,0.0,349732000.0,191592000.0,83655000.0,28962000.0,251093000.0,-7523000.0,-21995000.0,3503000.0
SASR,2015-12-31,False,FY,2015,10-K,208213000.0,,45355000.0,1.84,1.84,0.9,4655380000.0,,,72882000.0,524427000.0,50830000.0,-291915000.0,217750000.0
SCYX,2015-12-31,False,FY,2015,10-K,257000.0,-28349000.0,-32623000.0,-2.68,-2.68,0.0,49273000.0,48437000.0,6664000.0,46985000.0,41949000.0,-24545000.0,1586000.0,37701000.0
SKUL,2015-12-31,False,FY,2015,10-K,266316000.0,8972000.0,5881000.0,0.21,0.2,0.0,197690000.0,160356000.0,35337000.0,23030000.0,160088000.0,-1536000.0,4034000.0,-813000.0
OKSB,2015-12-31,False,FY,2015,10-K,88940000.0,,17407000.0,0.9,0.9,0.24,2357022000.0,,,24971000.0,296098000.0,14932000.0,-194433000.0,116694000.0
SPLS,2016-01-30,False,FY,2015,10-K,21059000000.0,641000000.0,-17000000.0,0.59,0.59,0.48,10172000000.0,5112000000.0,3264000000.0,825000000.0,5384000000.0,978000000.0,-374000000.0,-378000000.0
SYBT,2015-12-31,False,FY,2015,10-K,133120000.0,,37187000.0,2.53,2.48,0.96,2816801000.0,,,103833000.0,286519000.0,43171000.0,-227124000.0,213545000.0
SPRT,2015-12-31,False,FY,2015,10-K,77333000.0,-28464000.0,-27041000.0,-0.5,-0.5,0.0,81492000.0,77227000.0,9354000.0,27598000.0,71346000.0,-5468000.0,9902000.0,26000.0
TASR,2015-12-31,False,FY,2015,10-K,197892000.0,35335000.0,19933000.0,0.37,0.36,0.0,229881000.0,161409000.0,38140000.0,59526000.0,157004000.0,46445000.0,-36009000.0,603000.0
TESO,2015-12-31,False,FY,2015,10-K,279738000.0,-102401000.0,-133754000.0,-3.43,-3.43,0.2,421694000.0,236486000.0,42913000.0,51507000.0,374954000.0,-6614000.0,-6887000.0,-7458000.0
CHEF,2015-12-25,False,FY,2015,10-K,172201000.0,40400000.0,16209000.0,0.63,0.63,0.0,586218000.0,233771000.0,103144000.0,2454000.0,187964000.0,37727000.0,-129300000.0,91046000.0
CLUB,2015-12-31,False,FY,2015,10-K,424323000.0,7114000.0,21158000.0,0.86,0.84,0.0,305360000.0,100091000.0,72144000.0,76217000.0,-96245000.0,24870000.0,-31571000.0,-10511000.0
TRST,2015-12-31,False,FY,2015,10-K,24501000.0,,42238000.0,0.444,0.444,0.2625,4734992000.0,,,41698000.0,413310000.0,60008000.0,-61267000.0,47967000.0
USCR,2015-12-31,False,FY,2015,10-K,974717000.0,73866000.0,25500000.0,1.81,1.64,0.0,712902000.0,226496000.0,237202000.0,3925000.0,164921000.0,104261000.0,-157835000.0,27297000.0
USLM,2015-12-31,False,FY,2015,10-K,130837000.0,19086000.0,12886000.0,2.3,2.3,0.5,196499000.0,91961000.0,8742000.0,59926000.0,166627000.0,32494000.0,-11060000.0,-19840000.0
UNTY,2015-12-31,False,FY,2015,10-K,49380000.0,,9557000.0,1.13,1.12,0.14,1084866000.0,,,88157000.0,78470000.0,2982000.0,-110689000.0,66043000.0
UVSP,2015-12-31,False,FY,2015,10-K,0.0,,27268000.0,1.39,1.39,0.8,2879451000.0,,,32356000.0,361574000.0,35625000.0,-186324000.0,151060000.0
UBFO,2015-12-31,False,FY,2015,10-K,2421000.0,,6810000.0,0.42,0.42,0.0,725644000.0,,,125751000.0,89635000.0,9264000.0,-41722000.0,54632000.0
VNR,2015-12-31,False,FY,2015,10-K,566643000.0,-1836524000.0,-1909933000.0,-19.8,-19.8,0.0,2709297000.0,358522000.0,202008000.0,0.0,,370084000.0,-128144000.0,-241940000.0
VSAR,2015-12-31,False,FY,2015,10-K,,-82508000.0,-82177000.0,-2.84,-2.84,0.0,185327000.0,184611000.0,8827000.0,182069000.0,176500000.0,-69064000.0,-42000.0,80609000.0
VTAE,2015-12-31,False,FY,2015,10-K,579674.0,-44289996.0,-43982668.0,-2.03,-2.03,0.0,61846343.0,61137003.0,7329754.0,11773692.0,54467750.0,-38039429.0,-12060796.0,32379162.0
VTVT,2015-12-31,False,FY,2015,10-K,519000.0,-38142000.0,-27498000.0,-3.32,-3.32,0.0,91532000.0,89186000.0,7726000.0,88003000.0,-77970000.0,-36946000.0,-79000.0,123644000.0
WING,2015-12-26,False,FY,2015,10-K,77969000.0,19718000.0,10106000.0,0.37,0.36,1.83,121142000.0,19620000.0,12570000.0,10690000.0,-9673000.0,13047000.0,-1915000.0,-10165000.0
