symbol,end_date,amend,period_focus,fiscal_year,doc_type,revenues,op_income,net_income,eps_basic,eps_diluted,dividend,assets,cur_assets,cur_liab,cash,equity,cash_flow_op,cash_flow_inv,cash_flow_fin
AXAS,2015-12-31,False,FY,2015,10-K,67030000.0,-141805000.0,-127110000.0,-1.21,-1.21,0.0,267872000.0,32674000.0,35069000.0,3540000.0,84465000.0,6979000.0,-69253000.0,62042000.0
ACTG,2015-12-31,False,FY,2015,10-K,125037000.0,-152622000.0,-160730000.0,-3.25,-3.25,0.5,347901000.0,183877000.0,33225000.0,135223000.0,314155000.0,-9949000.0,39307000.0,-28601000.0
ANCX,2015-12-31,False,FY,2015,10-K,69731000.0,,15419000.0,1.46,1.46,0.58,1178548000.0,,,11291000.0,109138000.0,16109000.0,-146324000.0,110075000.0
AKAO,2015-12-31,False,FY,2015,10-K,26061000.0,-26573000.0,-27093000.0,-1.49,-1.49,0.0,66863000.0,65489000.0,8689000.0,20287000.0,43159000.0,-21088000.0,5232000.0,17262000.0
ACTA,2015-12-31,False,FY,2015,10-K,133421000.0,-101736000.0,-96080000.0,-2.59,-2.59,0.0,450144000.0,103297000.0,76157000.0,76313000.0,357971000.0,-559000.0,-8767000.0,-17368000.0
AEGR,2015-12-31,False,FY,2015,10-K,239887000.0,-45186000.0,-73339000.0,-2.55,-2.55,0.0,434198000.0,175938000.0,86887000.0,64501000.0,115545000.0,15981000.0,-326879000.0,-753000.0
AGEN,2015-12-31,False,FY,2015,10-K,24817025.0,-80700936.0,-88084081.0,-1.13,-1.13,0.0,242228484.0,184095366.0,28934090.0,136702873.0,70727550.0,-47175441.0,-31232018.0,189579685.0
AKBA,2015-12-31,False,FY,2015,10-K,0.0,-61513000.0,-60716000.0,-2.29,-2.29,0.0,142940000.0,141017000.0,11868000.0,49778000.0,130998000.0,-52407000.0,-13688000.0,83093000.0
ATSG,2015-12-31,False,FY,2015,10-K,619264000.0,72790000.0,41222000.0,0.64,0.63,0.0,1042263000.0,101306000.0,126806000.0,17697000.0,364157000.0,173699000.0,-151873000.0,-34689000.0
ALIM,2015-12-31,False,FY,2015,10-K,22438000.0,-38999000.0,-30645000.0,-0.69,-0.69,0.0,70484000.0,45159000.0,39933000.0,31075000.0,26320000.0,-45364000.0,-451000.0,625000.0
ATEC,2015-12-31,False,FY,2015,10-K,185279000.0,-172439000.0,-178676000.0,-1.79,-1.79,0.0,146704000.0,101858000.0,125400000.0,11229000.0,-36576000.0,10124000.0,-12247000.0,-6532000.0
ASPS,2015-12-31,False,FY,2015,10-K,1051466000.0,79077000.0,41598000.0,2.13,2.02,0.0,727982000.0,306101000.0,129142000.0,179327000.0,52270000.0,195352000.0,-65995000.0,-111391000.0
AMNB,2015-12-31,False,FY,2015,10-K,68456000.0,,15039000.0,1.73,1.73,0.93,1547599000.0,,,19352000.0,197835000.0,19262000.0,-17364000.0,26136000.0
AMPH,2015-12-31,False,FY,2015,10-K,251519000.0,-6898000.0,-2787000.0,-0.06,-0.06,0.0,390136000.0,175934000.0,59955000.0,66074000.0,295510000.0,10681000.0,-16925000.0,2237000.0
ANTH,2015-12-31,False,FY,2015,10-K,3185000.0,-35243000.0,-35220000.0,-0.99,-0.99,0.0,48125000.0,47862000.0,8468000.0,46951000.0,39657000.0,-30907000.0,-80000.0,75299000.0
ABAC,2015-12-31,False,FY,2015,10-K,37367956.0,3634052.0,4489834.0,0.09,0.09,0.0,110910441.0,81726699.0,,49656897.0,93166577.0,21246034.0,3975423.0,-11979698.0
AAOI,2015-12-31,False,FY,2015,10-K,189903000.0,13449000.0,10793000.0,0.69,0.65,0.0,273475000.0,153928000.0,74080000.0,28074000.0,165398000.0,-15212000.0,-61620000.0,73114000.0
AQXP,2015-12-31,False,FY,2015,10-K,,,-21860000.0,-1.73,-1.73,0.0,113343000.0,74796000.0,4792000.0,39526000.0,108420000.0,-20268000.0,-47533000.0,92948000.0
ARLZ,2015-12-31,False,FY,2015,10-K,12000000.0,,-37783445.0,-1.16,-1.16,0.0,32257621.0,,16488963.0,24815669.0,0.0,-16789240.0,2239252.0,-1216758.0
PETX,2015-12-31,False,FY,2015,10-K,678000.0,-89496000.0,-84054000.0,-2.45,-2.45,0.0,147066000.0,89019000.0,5684000.0,26755000.0,101550000.0,-38495000.0,33663000.0,21895000.0
ARTX,2015-12-31,False,FY,2015,10-K,96573947.0,-607778.0,-2945026.0,-0.12,-0.12,0.0,117493016.0,50847562.0,26776335.0,10608420.0,64047371.0,4351916.0,-1439738.0,-3569368.0
ASBB,2015-12-31,False,FY,2015,10-K,32944000.0,,3575000.0,0.92,0.89,0.0,782853000.0,,,9563000.0,89682000.0,9388000.0,-49242000.0,16397000.0
AVEO,2015-12-31,False,FY,2015,10-K,19024000.0,-12426000.0,-15001000.0,-0.27,-0.27,0.0,40542000.0,40376000.0,12398000.0,26634000.0,17227000.0,-18230000.0,-6316000.0,-1126000.0
AVID,2015-12-31,False,FY,2015,10-K,505595000.0,6973000.0,2480000.0,0.06,0.06,0.0,247926000.0,137449000.0,304899000.0,17902000.0,-329572000.0,-34026000.0,-81796000.0,109558000.0
BWFG,2015-12-31,False,FY,2015,10-K,38000.0,,8905000.0,1.23,1.21,0.05,1330372000.0,,,49562000.0,131769000.0,14230000.0,-194628000.0,220436000.0
BCBP,2015-12-31,False,FY,2015,10-K,74445000.0,,6113000.0,0.69,0.69,0.0,1618406000.0,,,11808000.0,133544000.0,7689000.0,-218007000.0,310830000.0
BLCM,2015-12-31,False,FY,2015,10-K,282000.0,-49135000.0,-48548000.0,-1.84,-1.84,0.0,160406000.0,96890000.0,7445000.0,70241000.0,152017000.0,-35726000.0,-86453000.0,818000.0
BIND,2015-12-31,False,FY,2015,10-K,15401000.0,-39482000.0,-36579000.0,-1.81,-1.81,0.0,50742000.0,40419000.0,18010000.0,24654000.0,17127000.0,-30572000.0,3225000.0,32949000.0
BPTH,2015-12-31,False,FY,2015,10-K,0.0,-5484459.0,-5466794.0,-0.06,-0.06,0.0,10755256.0,9592999.0,937410.0,8854507.0,9817846.0,-5004291.0,0.0,0.0
BSTC,2015-12-31,False,FY,2015,10-K,22750135.0,14443315.0,9617632.0,1.41,1.32,0.0,45698113.0,38368882.0,838525.0,5137875.0,44810209.0,10606660.0,-20109541.0,4829940.0
BDE,2015-12-31,False,FY,2015,10-K,155266000.0,-38081000.0,-75971000.0,-2.33,-2.33,0.0,228593000.0,182382000.0,21446000.0,88401000.0,176003000.0,3669000.0,58406000.0,-4502000.0
BDGE,2015-12-31,False,FY,2015,10-K,118908000.0,,20660000.0,1.43,1.43,0.92,3781959000.0,,,79750000.0,341128000.0,31526000.0,-451572000.0,472874000.0
CDZI,2015-12-31,False,FY,2015,10-K,304000.0,-14009000.0,-24013000.0,-1.35,-1.35,0.0,55416000.0,3186000.0,2023000.0,2690000.0,-56498000.0,-12568000.0,-906000.0,-42000.0
CALA,2015-12-31,False,FY,2015,10-K,,-32819000.0,-32644000.0,-1.81,-1.81,0.0,75750000.0,72495000.0,3833000.0,6105000.0,71788000.0,-29933000.0,-66776000.0,845000.0
CLBS,2015-12-31,False,FY,2015,10-K,22487566.0,-113849166.0,-80885952.0,-1.67,-1.67,0.0,57205295.0,29272432.0,21015223.0,20318411.0,23283824.0,-39258331.0,3798377.0,36604304.0
CBNJ,2015-12-31,False,FY,2015,10-K,63551000.0,,12155000.0,0.97,0.96,0.32,1601985000.0,,,8979000.0,168381000.0,9760000.0,2908000.0,-11172000.0
LIND,2015-12-31,False,FY,2015,10-K,209985000.0,15502000.0,19742000.0,0.44,0.43,0.0,381613000.0,234344000.0,104322000.0,206903000.0,113921000.0,40302000.0,-81511000.0,208524000.0
CFNL,2015-12-31,False,FY,2015,10-K,2476000.0,,47334000.0,1.45,1.43,0.44,4029921000.0,,,39337000.0,413147000.0,-18298000.0,-561212000.0,580658000.0
CARO,2015-12-31,False,FY,2015,10-K,77283000.0,,14420000.0,1.51,1.48,0.0,1409669000.0,,,10206000.0,139859000.0,11102000.0,-206130000.0,200508000.0
CPRX,2015-12-31,False,FY,2015,10-K,0.0,-20398352.0,-20232958.0,-0.25,-0.25,0.0,60101570.0,59901133.0,3440603.0,28235016.0,55476311.0,-18015221.0,-6499.0,37159958.0
CATB,2015-12-31,False,FY,2015,10-K,,-31659000.0,-32630000.0,-4.06,-4.06,0.0,64223000.0,63584000.0,7811000.0,62780000.0,50493000.0,-29793000.0,-421000.0,78326000.0
CBFV,2015-12-31,False,FY,2015,10-K,39512000.0,,8420000.0,2.07,2.07,0.85,830677000.0,,,9024000.0,86896000.0,51563000.0,-28946000.0,-23028000.0
DDD,2015-12-31,False,FY,2015,10-K,666163000.0,-641924000.0,-655492000.0,-5.85,-5.85,0.0,893275000.0,432467000.0,145471000.0,155643000.0,654646000.0,-3128000.0,-120855000.0,-2157000.0
CMBG,2015-12-31,False,FY,2015,10-K,2505423.0,-20848970.0,-19447721.0,-1.7,-1.7,0.0,49460422.0,16694291.0,3019257.0,14884597.0,46364936.0,-11751098.0,-7702105.0,19647152.0
CVCY,2015-12-31,False,FY,2015,10-K,2263000.0,,10964000.0,1.0,1.0,0.18,1276736000.0,,,23339000.0,139323000.0,2129000.0,-75431000.0,75202000.0
CFCB,2015-12-31,False,FY,2015,10-K,619000.0,,42602000.0,11.08,11.08,0.0,961218000.0,,,27655000.0,121281000.0,6466000.0,-135967000.0,107989000.0
CCXI,2015-12-31,False,FY,2015,10-K,0.0,-47689000.0,-47305000.0,-1.08,-1.08,0.0,78155000.0,72035000.0,5494000.0,12823000.0,72507000.0,-39327000.0,33884000.0,2191000.0
CXDC,2015-12-31,False,FY,2015,10-K,999192894.0,135045298.0,83732279.0,1.27,1.27,0.0,1751982208.0,953536236.0,723157473.0,119928485.0,578045598.0,227370738.0,-280342998.0,131734895.0
CMCT,2015-12-31,False,FY,2015,10-K,268427000.0,,24392000.0,0.04,0.04,0.875,2098173000.0,,,124636000.0,1297347000.0,77035000.0,64272000.0,-28287000.0
CIZN,2015-12-31,False,FY,2015,10-K,39292468.0,,7588901.0,1.56,1.56,0.93,973504542.0,,,14947690.0,86425336.0,5411349.0,-60139411.0,-4902951.0
CIVB,2015-12-31,False,FY,2015,10-K,64979000.0,,11168000.0,1.43,1.17,0.2,1315041000.0,,,35561000.0,125173000.0,15073000.0,-11904000.0,2534000.0
CLRO,2015-12-31,False,FY,2015,10-K,57796000.0,10262000.0,6776000.0,0.74,0.71,0.155,93529000.0,46146000.0,9607000.0,13412000.0,82569000.0,7594000.0,-648000.0,-913000.0
CWAY,2015-12-31,False,FY,2015,10-K,24450000.0,,1628000.0,0.36,0.36,0.0,565137000.0,,,3041000.0,70922000.0,-2894000.0,-89586000.0,96220000.0
AP,2015-12-31,False,FY,2015,10-K,238480000.0,5047000.0,1373000.0,0.13,0.13,0.72,506156000.0,219682000.0,81333000.0,95122000.0,211423000.0,20505000.0,-14299000.0,-7512000.0
AXR,2016-01-31,False,Q3,2016,10-Q,12198000.0,,-569000.0,-0.07,-0.07,0.0,133047000.0,,,13857000.0,90912000.0,-1246000.0,2945000.0,108000.0
CPSI,2015-12-31,False,FY,2015,10-K,182173884.0,25086282.0,17970110.0,1.62,1.62,0.0,92787873.0,74557419.0,17421455.0,24950617.0,75366418.0,30875752.0,-597554.0,-29119329.0
CTBI,2015-12-31,False,FY,2015,10-K,20222000.0,,46432000.0,2.66,2.66,1.22,3903934000.0,,,51974000.0,475583000.0,54979000.0,-108349000.0,135464000.0
CNFR,2015-12-31,False,FY,2015,10-K,70723000.0,,-476000.0,-0.09,-0.09,0.0,177927000.0,,,12703000.0,77262000.0,-6433000.0,-4946000.0,12758000.0
CTWS,2015-12-31,False,FY,2015,10-K,103088000.0,27439000.0,22723000.0,2.07,2.04,0.0,716518000.0,27029000.0,36939000.0,731000.0,223977000.0,41146000.0,-48857000.0,5967000.0
AHP,2015-12-31,False,FY,2015,10-K,349545000.0,45976000.0,-8698000.0,-0.34,-0.34,0.35,1352750000.0,,,105039000.0,333046000.0,9390000.0,-183254000.0,107464000.0
CNXR,2015-12-31,False,FY,2015,10-K,95847000.0,-1487000.0,-7343000.0,-0.34,-0.34,0.0,82689000.0,16868000.0,48091000.0,5424000.0,-31180000.0,-16192000.0,-1317000.0,-5319000.0
CFRX,2015-12-31,False,FY,2015,10-K,,-25065337.0,-25120964.0,-1.08,-1.08,0.0,35861137.0,34098548.0,3769184.0,9972781.0,30675510.0,-22182601.0,-21600084.0,28033013.0
CWCO,2015-12-31,False,FY,2015,10-K,5800000.0,8468064.0,7506673.0,0.51,0.51,0.3,161616698.0,65430730.0,13196766.0,44792734.0,148195105.0,17319786.0,-2057349.0,-6180139.0
CPAH,2016-01-31,False,Q3,2016,10-Q,2654386.0,-592625.0,-248121.0,-0.05,-0.05,0.0,12479496.0,5821814.0,3976799.0,2606528.0,8458285.0,-1614362.0,-14228.0,1476239.0
CUNB,2015-12-31,False,FY,2015,10-K,11730000.0,,20062000.0,1.21,1.18,0.0,2634642000.0,,,50960000.0,306807000.0,21364000.0,-453000.0,3145000.0
CUI,2015-12-31,False,FY,2015,10-K,86667000.0,-5694000.0,-5987000.0,-0.29,-0.29,0.0,90848000.0,38157000.0,17055000.0,7267000.0,59516000.0,-6259000.0,1987000.0,-113000.0
CPIX,2015-12-31,False,FY,2015,10-K,33519051.0,1111610.0,731351.0,0.04,0.04,0.0,91918959.0,67112074.0,12411747.0,38203059.0,76819783.0,5876865.0,-2344972.0,-5194871.0
CUTR,2015-12-31,False,FY,2015,10-K,94761000.0,-4521000.0,-4440000.0,-0.32,-0.32,0.0,77518000.0,73829000.0,24431000.0,10868000.0,50034000.0,-1359000.0,32646000.0,-30222000.0
DRAM,2016-01-31,False,Q3,2016,10-Q,6603463.0,-408139.0,-449990.0,-0.11,-0.11,0.0,7214004.0,5690649.0,3603268.0,700993.0,3485322.0,-760954.0,-22000.0,1156649.0
DTLK,2015-12-31,False,FY,2015,10-K,764765000.0,9054000.0,4699000.0,0.21,0.21,0.0,521797000.0,380340000.0,277968000.0,39397000.0,164768000.0,21401000.0,-1630000.0,-8099000.0
DWSN,2015-12-31,False,FY,2015,10-K,234685000.0,-40682000.0,-26279000.0,-1.27,-1.27,0.0,247787000.0,99859000.0,28810000.0,37009000.0,209718000.0,20612000.0,15787000.0,-13606000.0
BBX,2015-12-31,False,FY,2015,10-K,131483000.0,,21774000.0,1.34,1.3,0.0,393541000.0,,,69040000.0,335979000.0,-16045000.0,53722000.0,-27456000.0
BIOA,2015-12-31,False,FY,2015,10-K,2171952.0,-38528658.0,-37225878.0,-1.52,-1.52,0.0,143087196.0,10844113.0,29681863.0,6973591.0,46355118.0,-32198719.0,-64802570.0,54887955.0
DSCI,2015-12-31,False,FY,2015,10-K,84474284.0,-21961599.0,-38107480.0,-0.79,-0.79,0.0,114780155.0,71103897.0,13535406.0,15814205.0,98425855.0,-35422582.0,29180685.0,1823517.0
DSPG,2015-12-31,False,FY,2015,10-K,144271000.0,714000.0,1562000.0,0.07,0.07,0.0,183962000.0,65925000.0,27573000.0,13704000.0,143318000.0,12224000.0,-6926000.0,-11964000.0
EBMT,2015-12-31,False,FY,2015,10-K,32227000.0,,2580000.0,0.68,0.67,0.0,630347000.0,,,6468000.0,55450000.0,4884000.0,-76763000.0,66815000.0
EML,2016-01-02,False,FY,2015,10-K,144567951.0,8027728.0,5727043.0,0.92,0.92,0.45,121738559.0,75268226.0,15162888.0,17814986.0,79405056.0,9133429.0,-2513236.0,-3882097.0
EVBS,2015-12-31,False,FY,2015,10-K,54417000.0,,6908000.0,0.38,0.38,0.06,1270384000.0,,,13451000.0,126275000.0,13596000.0,-81589000.0,80318000.0
ECACU,2015-12-31,False,FY,2015,10-K,,,-2384332.0,-1.6,-1.6,0.0,41334313.0,515153.0,46283.0,434994.0,9888030.0,-159591.0,-40800000.0,41355012.0
EEI,2016-01-30,False,Q2,2016,10-Q,24642739.0,-457487.0,-481322.0,0.24,-0.11,0.0,61115233.0,48978605.0,22043198.0,10300916.0,38129025.0,3651996.0,-271312.0,-1523000.0
BLT,2015-12-31,False,FY,2015,10-K,828569000.0,-46766000.0,-49873000.0,-1.02,-1.02,0.0,693126000.0,339371000.0,129132000.0,25949000.0,110473000.0,61250000.0,-27558000.0,-32598000.0
EHTH,2015-12-31,False,FY,2015,10-K,189541000.0,-5651000.0,-4763000.0,-0.26,-0.26,0.0,113319000.0,77542000.0,31936000.0,62710000.0,76421000.0,13696000.0,-2996000.0,577000.0
ERI,2015-12-31,False,FY,2015,10-K,719784000.0,72516000.0,114183000.0,2.45,2.43,0.0,1325008000.0,116179000.0,105710000.0,78278000.0,270667000.0,56715000.0,-158754000.0,92713000.0
ELSE,2015-12-31,False,FY,2015,10-K,7636000.0,290000.0,1214000.0,0.36,0.33,0.0,13421000.0,10878000.0,926000.0,569000.0,12040000.0,-306000.0,66000.0,-381000.0
WATT,2015-12-31,False,FY,2015,10-K,2500000.0,-27577339.0,-27561702.0,-2.07,-2.07,0.0,32675528.0,30675597.0,3400852.0,29872564.0,29274676.0,-20005734.0,-1032795.0,19416501.0
BURL,2016-01-30,False,FY,2015,10-K,5129843000.0,,150482000.0,2.03,1.99,0.0,2580147000.0,932982000.0,886588000.0,20915000.0,-99022000.0,0.0,0.0,-1480000.0
ENFC,2015-12-31,False,FY,2015,10-K,38939000.0,,23825000.0,3.64,3.64,0.0,1031416000.0,,,8421000.0,131469000.0,-177000.0,-94967000.0,66826000.0
EBTC,2015-12-31,False,FY,2015,10-K,98438000.0,,16148000.0,1.56,1.55,0.5,2285531000.0,,,51495000.0,180327000.0,25723000.0,-259860000.0,245486000.0
EVOL,2015-12-31,False,FY,2015,10-K,25576000.0,4320000.0,3296000.0,0.28,0.28,0.44,50429000.0,21744000.0,18088000.0,8400000.0,32162000.0,2225000.0,-9212000.0,5949000.0
CAS,2015-12-31,False,FY,2015,10-K,770758000.0,-181674000.0,-209765000.0,-8.91,-8.91,0.0,497653000.0,348291000.0,91887000.0,11100000.0,46988000.0,-22133000.0,20381000.0,5573000.0
AIII,2015-12-31,False,FY,2015,10-K,432.0,,-1738173.0,-0.08,-0.09,0.0,24315653.0,,,19874915.0,23644261.0,-3499061.0,21654537.0,1481172.0
AINC,2015-12-31,False,FY,2015,10-K,58981000.0,-1351000.0,-1190000.0,-0.6,-4.45,0.0,166991000.0,148864000.0,17896000.0,50272000.0,136636000.0,22454000.0,-7637000.0,5858000.0
BHB,2015-12-31,False,FY,2015,10-K,8979000.0,,15153000.0,2.53,2.5,1.01,1580055000.0,,,9720000.0,154152000.0,20331000.0,-127983000.0,107572000.0
BTX,2015-12-31,False,FY,2015,10-K,7036000.0,-65809000.0,-47406000.0,-0.59,-0.59,0.0,94660000.0,47237000.0,12462000.0,42229000.0,76447000.0,-44544000.0,-7441000.0,64775000.0
FNHC,2015-12-31,False,FY,2015,10-K,249893000.0,,40885000.0,2.98,2.92,0.0,638298000.0,,,53038000.0,250759000.0,52891000.0,-63641000.0,23631000.0
FBRC,2015-12-31,False,FY,2015,10-K,155432000.0,,-7461000.0,-0.92,-0.92,0.4,933416000.0,,,70067000.0,210767000.0,-19617000.0,29899000.0,-49177000.0
FBP,2015-12-31,False,FY,2015,10-K,145419000.0,,26431000.0,1.34,1.3,0.32,3362065000.0,,,267268000.0,342190000.0,37350000.0,-137998000.0,114832000.0
CHMI,2015-12-31,False,FY,2015,10-K,958000.0,,13214000.0,1.76,1.76,2.03,636340000.0,,,10603000.0,152337000.0,23375000.0,-113147000.0,87928000.0
CRMD,2015-12-31,False,FY,2015,10-K,210130.0,-16653971.0,-18220650.0,-0.58,-0.58,0.0,37101729.0,37058863.0,3061363.0,11817418.0,34011488.0,-12526898.0,-23608071.0,43629494.0
FCMP,2015-12-31,False,FY,2015,10-K,39222000.0,,9819000.0,0.58,0.57,0.0,1040652000.0,,,10699000.0,103041000.0,3956000.0,-112593000.0,106007000.0
FFWM,2015-12-31,False,FY,2015,10-K,93244000.0,,13378000.0,1.2,1.16,0.0,2592579000.0,,,215748000.0,259736000.0,13869000.0,-916471000.0,1088658000.0
FLML,2015-12-31,False,FY,2015,10-K,173209000.0,71447000.0,40659000.0,1.0,0.93,0.0,214977000.0,166306000.0,48788000.0,65064000.0,67865000.0,84293000.0,-31730000.0,-23751000.0
FFIC,2015-12-31,False,FY,2015,10-K,219865000.0,,46209000.0,1.59,1.59,640.0,5704634000.0,,,42363000.0,473067000.0,44730000.0,-600516000.0,563884000.0
EGAS,2015-12-31,False,FY,2015,10-K,112361000.0,5008000.0,4688000.0,0.11,0.11,0.54,197689000.0,31523000.0,45482000.0,2728000.0,95489000.0,9424000.0,-4195000.0,-19303000.0
GV,2015-12-31,False,FY,2015,10-K,120571171.0,8775084.0,4493142.0,0.19,0.19,0.0,81163607.0,42234609.0,16736773.0,11374238.0,35250813.0,5567807.0,-4153000.0,137252.0
GIG,2015-12-31,False,FY,2015,10-K,40394000.0,1414000.0,1249000.0,0.03,0.03,0.0,69110000.0,48301000.0,7660000.0,30245000.0,60189000.0,2957000.0,-6744000.0,15536000.0
HCHC,2014-06-30,True,Q2,2014,10-Q,96586000.0,-116000.0,-4109000.0,-0.24,-0.24,0.0,392071000.0,269227000.0,192113000.0,40831000.0,112886000.0,5870000.0,-87587000.0,113748000.0
HCHC,2015-06-30,True,Q2,2015,10-Q,280982000.0,3032000.0,-11990000.0,-0.47,-0.47,0.0,793845000.0,385196000.0,234190000.0,68941000.0,89762000.0,-47891000.0,-49197000.0,59480000.0
HCHC,2014-09-30,True,Q3,2014,10-Q,183289000.0,-2580000.0,-18400000.0,-0.79,-0.79,0.0,731868000.0,376840000.0,225456000.0,111739000.0,112982000.0,-10942000.0,-150411000.0,266312000.0
HCHC,2015-03-31,True,Q1,2015,10-Q,201808000.0,112000.0,-6325000.0,-0.26,-0.26,0.0,799481000.0,420759000.0,226831000.0,128872000.0,96521000.0,-48959000.0,-20773000.0,90509000.0
HCHC,2015-09-30,True,Q3,2015,10-Q,277467000.0,2261000.0,-9022000.0,-0.35,-0.35,0.0,759204000.0,359724000.0,218931000.0,81066000.0,72084000.0,-33599000.0,-44198000.0,55531000.0
HCHC,2014-12-31,True,FY,2014,10-K,547438000.0,-13606000.0,-16440000.0,-0.83,-0.83,0.0,720003000.0,332353000.0,200005000.0,107978000.0,104395000.0,3663000.0,-187305000.0,284624000.0
HCHC,2015-12-31,False,FY,2015,10-K,1120806000.0,2229000.0,-39850000.0,-1.5,-1.5,0.0,2742512000.0,42349000.0,12608000.0,158624000.0,117524000.0,-32561000.0,-14742000.0,103168000.0
FBIO,2015-12-31,False,FY,2015,10-K,863000.0,-50531000.0,-48428000.0,-1.24,-1.24,0.0,118610000.0,99779000.0,10579000.0,98182000.0,84273000.0,-20378000.0,7885000.0,60916000.0
FSYS,2015-12-31,False,FY,2015,10-K,263397000.0,-37477000.0,-47135000.0,-2.55,-2.55,0.0,228439000.0,184242000.0,63743000.0,60162000.0,154087000.0,-2469000.0,-2340000.0,-17228000.0
FRPT,2015-12-31,False,FY,2015,10-K,116186372.0,-3647672.0,-3710812.0,-0.11,-0.11,0.0,113097574.0,25393210.0,9147514.0,8029413.0,103950060.0,6738817.0,-35260405.0,291749.0
GAIA,2015-12-31,False,FY,2015,10-K,188018000.0,4181000.0,-11706000.0,0.01,0.01,0.0,128542000.0,72917000.0,39749000.0,13772000.0,88793000.0,8156000.0,-9335000.0,-326000.0
CORR,2015-12-31,False,FY,2015,10-K,71288935.0,21563606.0,8471083.0,0.79,0.79,2.75,678490022.0,24276.0,19993.0,14618740.0,444194306.0,42600618.0,-244612616.0,209052574.0
LTS,2015-12-31,False,FY,2015,10-K,1152118000.0,-11750000.0,-39259000.0,-0.21,-0.21,0.0,574358000.0,,,118677000.0,376031000.0,19319000.0,-28211000.0,24482000.0
MSTX,2015-12-31,False,FY,2015,10-K,0.0,-39373000.0,-39842000.0,-0.25,-0.25,0.0,54217000.0,42252000.0,23173000.0,23052000.0,23889000.0,-32949000.0,3395000.0,16798000.0
GALT,2015-12-31,False,FY,2015,10-K,,-20079000.0,-21124000.0,-0.88,-0.88,0.0,26408000.0,26400000.0,1360000.0,25846000.0,18040000.0,-16983000.0,,13701000.0
NTN,2015-12-31,False,FY,2015,10-K,10889000.0,-6895000.0,-7226000.0,-0.08,-0.08,0.0,16408000.0,9110000.0,5122000.0,3223000.0,3848000.0,-4180000.0,-1623000.0,1980000.0
GBLI,2015-12-31,False,FY,2015,10-K,538778000.0,,41469000.0,1.71,1.69,0.0,1957294000.0,,,67037000.0,749926000.0,3750000.0,197243000.0,-192779000.0
GBIM,2015-12-31,False,FY,2015,10-K,6457733.0,-2766905.0,-2766905.0,-0.48,-0.48,0.0,11506141.0,11090775.0,4225439.0,9900722.0,2988400.0,-7129697.0,217960.0,
GDEN,2015-12-31,False,FY,2015,10-K,177042000.0,18363000.0,24520000.0,1.45,1.43,0.0,378784000.0,83644000.0,25346000.0,69177000.0,210485000.0,9342000.0,90049000.0,-65630000.0
SGA,2015-12-31,False,FY,2015,10-K,132856000.0,24082000.0,13164000.0,2.31,2.29,1.1,204571000.0,47895000.0,14338000.0,21614000.0,122816000.0,28535000.0,-17106000.0,-7722000.0
RNN,2015-12-31,False,FY,2015,10-K,,-18263436.0,-14384556.0,-0.08,-0.08,0.0,24805029.0,24661344.0,,10199440.0,18775548.0,-17351950.0,9554394.0,8170751.0
REI,2015-12-31,False,FY,2015,10-K,37253437.0,-13314334.0,-9052771.0,-0.32,-0.32,0.0,250866245.0,8714491.0,11333167.0,4431350.0,186231128.0,9843744.0,-110109282.0,96074653.0
SLI,2015-12-31,False,FY,2015,10-K,199862000.0,17986000.0,10698000.0,2.67,2.65,0.0,133920000.0,77260000.0,50647000.0,10977000.0,77003000.0,10104000.0,-33868000.0,3151000.0
GTXI,2015-12-31,False,FY,2015,10-K,,-21841000.0,-18703000.0,-0.13,-0.15,0.0,32031000.0,31889000.0,30172000.0,14056000.0,1859000.0,-20035000.0,16211000.0,
GURE,2015-12-31,False,FY,2015,10-K,18123.0,45164710.0,34068037.0,0.75,0.74,0.0,356743226.0,190821115.0,16076437.0,133606392.0,338110875.0,70401210.0,-75772640.0,-344396.0
DCO,2015-12-31,False,FY,2015,10-K,666011000.0,-75309000.0,-73282000.0,-6.63,-6.63,0.0,561420000.0,264231000.0,83607000.0,5454000.0,187331000.0,23678000.0,-13477000.0,-50374000.0
TMP,2015-12-31,False,FY,2015,10-K,260686000.0,,57587000.0,3.91,3.87,1.7,5689995000.0,,,56261000.0,516466000.0,24758000.0,81000.0,-25726000.0
VHC,2015-12-31,False,FY,2015,10-K,3000000.0,-29177000.0,-29234000.0,-0.56,-0.56,0.0,22172000.0,19365000.0,5577000.0,8726000.0,15095000.0,-26408000.0,12604000.0,3872000.0
WYY,2015-12-31,False,FY,2015,10-K,70838017.0,-5461961.0,-5466607.0,-0.066,-0.066,0.0,50858471.0,25627592.0,17599345.0,7930303.0,32190666.0,-2900811.0,-599973.0,-1552737.0
HMTV,2015-12-31,False,FY,2015,10-K,129790000.0,34867000.0,13739000.0,0.32,0.31,0.0,551150000.0,216866000.0,39850000.0,179532000.0,278641000.0,42192000.0,-5355000.0,685000.0
HSKA,2015-12-31,False,FY,2015,10-K,104597000.0,8557000.0,5239000.0,0.8,0.74,0.0,109719000.0,41262000.0,18803000.0,6890000.0,63528000.0,2125000.0,-3773000.0,2726000.0
HBCP,2015-12-31,False,FY,2015,10-K,67179173.0,,12549901.0,1.87,1.79,0.3,1551911600.0,,,24797599.0,165046354.0,36165388.0,-61933183.0,21487487.0
HDP,2015-12-31,False,FY,2015,10-K,121944000.0,-179593000.0,-179117000.0,-4.13,-4.13,0.0,212019000.0,153490000.0,124446000.0,35748000.0,67591000.0,-99336000.0,-2970000.0,9412000.0
HDRAU,2015-12-31,False,FY,2015,10-K,,-3530445.0,-3526206.0,-1.27,-1.27,0.0,80329807.0,318828.0,2645838.0,256239.0,5000001.0,-866930.0,0.0,-109.0
IFT,2015-12-31,False,FY,2015,10-K,46891000.0,,-31024000.0,-1.25,-1.25,0.0,509857000.0,,,12946000.0,220357000.0,-54348000.0,-40954000.0,60726000.0
RXDX,2015-12-31,False,FY,2015,10-K,,-90580000.0,-92458000.0,-3.44,-3.44,0.0,196148000.0,136208000.0,24758000.0,46383000.0,135985000.0,-50800000.0,-60971000.0,151808000.0
IMDZ,2015-12-31,False,FY,2015,10-K,9510000.0,-39485000.0,-39445000.0,-2.06,-2.06,0.0,116145000.0,115560000.0,7111000.0,112921000.0,108993000.0,-37801000.0,-427000.0,75795000.0
INOD,2015-12-31,False,FY,2015,10-K,58523000.0,-2212000.0,-2826000.0,-0.11,-0.11,0.0,51237000.0,37339000.0,12380000.0,24908000.0,38212000.0,2659000.0,-697000.0,-1130000.0
INGN,2015-12-31,False,FY,2015,10-K,113625000.0,15051000.0,11585000.0,0.6,0.56,0.0,161314000.0,114844000.0,22013000.0,66106000.0,134018000.0,38161000.0,-29305000.0,381000.0
INO,2015-12-31,False,FY,2015,10-K,40572111.0,-34283702.0,-29909197.0,-0.43,-0.44,0.0,213840859.0,171850938.0,31466406.0,57632693.0,175933053.0,-12438901.0,-54824107.0,84351719.0
IPAR,2015-12-31,False,FY,2015,10-K,468540000.0,61203000.0,30437000.0,0.98,0.98,0.52,687659000.0,468757000.0,131083000.0,176967000.0,476387000.0,50084000.0,-34590000.0,81775000.0
EVRI,2015-12-31,False,FY,2015,10-K,7400000.0,-9730000.0,-104972000.0,-1.59,-1.59,0.0,1574065000.0,253783000.0,251331000.0,102030000.0,137420000.0,124587000.0,-85549000.0,-24551000.0
FPI,2015-12-31,False,FY,2015,10-K,13756147.0,6216737.0,808768.0,0.08,0.08,0.4985,344954285.0,,,23514296.0,138533602.0,7694771.0,-119690651.0,101774010.0
FMSA,2015-12-31,False,FY,2015,10-K,828709000.0,-30135000.0,-92135000.0,-0.57,-0.57,0.0,1368959000.0,359674000.0,85676000.0,171486000.0,-60368000.0,235994000.0,-114000000.0,-25091000.0
ISRL,2015-12-31,False,FY,2015,10-K,74509000.0,-22856000.0,-17310000.0,-6.37,-6.37,0.0,146957000.0,38273000.0,25258000.0,22078000.0,-2868000.0,8911000.0,-4680000.0,15820000.0
FAC,2015-12-31,False,FY,2015,10-K,331892000.0,,-1930000.0,-0.05,-0.05,0.0,402127000.0,,,115587000.0,103670000.0,29307000.0,-46240000.0,30091000.0
FBP,2015-12-31,False,FY,2015,10-K,686894000.0,,21297000.0,0.1,0.1,0.0,12573019000.0,,,532985000.0,1694134000.0,261891000.0,438979000.0,-744520000.0
FBC,2015-12-31,False,FY,2015,10-K,757000000.0,,158000000.0,2.27,2.24,0.0,13715000000.0,,,54000000.0,1529000000.0,-9547000000.0,5885000000.0,3734000000.0
JAKK,2015-12-31,False,FY,2015,10-K,745741000.0,30530000.0,23254000.0,1.2,0.71,0.0,505900000.0,382368000.0,130140000.0,102528000.0,153406000.0,66288000.0,-22196000.0,-13382000.0
JMBA,2015-12-29,False,FY,2015,10-K,161676000.0,10254000.0,9418000.0,0.6,0.58,0.0,69616000.0,44013000.0,55635000.0,19730000.0,4991000.0,-14610000.0,42344000.0,-25754000.0
FELP,2015-12-31,False,FY,2015,10-K,984853000.0,82557000.0,-39454000.0,-0.3,-0.3,0.0,1837040000.0,226197000.0,1574550000.0,17538000.0,,200412000.0,-138781000.0,-70602000.0
FSB,2015-12-31,False,FY,2015,10-K,81551000.0,,15980000.0,1.62,1.54,0.0,2167792000.0,,,52394000.0,188816000.0,27278000.0,-818342000.0,794111000.0
GBL,2015-12-31,False,FY,2015,10-K,380976000.0,147949000.0,83412000.0,3.28,3.24,0.28,104027000.0,,,13719000.0,-276327000.0,117130000.0,-6198000.0,-109923000.0
KNDI,2015-12-31,False,FY,2015,10-K,201069173.0,-3952423.0,14665495.0,0.31,0.31,0.0,371469024.0,190867027.0,130949874.0,16738559.0,238925568.0,-3130976.0,-5937117.0,-2578164.0
KPTI,2015-12-31,False,FY,2015,10-K,250000.0,-119076000.0,-118181000.0,-3.32,-3.32,0.0,215443000.0,177600000.0,15132000.0,58358000.0,198365000.0,-94029000.0,-90823000.0,92700000.0
KMPH,2015-12-31,False,FY,2015,10-K,0.0,-22814000.0,-54664000.0,-7.42,-7.42,0.0,55723000.0,54078000.0,8342000.0,32318000.0,-10121000.0,-20268000.0,-19137000.0,61468000.0
KVHI,2015-12-31,False,FY,2015,10-K,184634000.0,3208000.0,2253000.0,0.14,0.14,0.0,226277000.0,115093000.0,43559000.0,22719000.0,118176000.0,8397000.0,-3800000.0,-6329000.0
GNK,2015-12-31,False,FY,2015,10-K,153959000.0,-192867000.0,-194897000.0,-2.96,-2.96,0.0,1724074000.0,172529000.0,616959000.0,121074000.0,1105966000.0,-56086000.0,-56774000.0,150520000.0
GNE,2015-12-31,False,FY,2015,10-K,210109000.0,-5882000.0,-8938000.0,-0.4,-0.4,0.12,155815000.0,114624000.0,37552000.0,38786000.0,114697000.0,-3081000.0,-31625000.0,1595000.0
GKOS,2015-12-31,False,FY,2015,10-K,71700000.0,-10296000.0,-37241000.0,-2.13,-2.13,0.0,116661000.0,104140000.0,20362000.0,21572000.0,95191000.0,-2188000.0,-85628000.0,107110000.0
LSBG,2015-12-31,False,FY,2015,10-K,18624000.0,,8878000.0,1.08,1.08,0.54,1518521000.0,,,16426000.0,136708000.0,16973000.0,-28609000.0,3082000.0
LBAI,2015-12-31,False,FY,2015,10-K,25363000.0,,32481000.0,0.85,0.85,0.33,3869550000.0,,,118493000.0,400516000.0,40766000.0,-324937000.0,293348000.0
LARK,2015-12-31,False,FY,2015,10-K,46007000.0,,10506000.0,3.0,2.91,0.72,878376000.0,,,13569000.0,80570000.0,7038000.0,-8370000.0,2141000.0
LWAY,2015-12-31,False,FY,2015,10-K,137244000.0,4403000.0,1972000.0,0.12,0.12,0.0,64918000.0,26849000.0,10823000.0,5646000.0,45257000.0,6745000.0,-1780000.0,-2579000.0
LTBR,2015-12-31,False,FY,2015,10-K,910531.0,-6618210.0,-4318150.0,-0.24,-0.24,0.0,2207436.0,1256842.0,1182371.0,623184.0,-1499068.0,-3650856.0,-117034.0,170849.0
LCUT,2015-12-31,False,FY,2015,10-K,587670000.0,24231000.0,12278000.0,0.89,0.86,0.0375,398952000.0,243380000.0,91715000.0,7131000.0,199468000.0,46510000.0,-5028000.0,-39144000.0
LNCO,2015-12-31,False,FY,2015,10-K,2883334000.0,,-1174426000.0,-9.14,-9.14,0.938,37408000.0,20945000.0,30402000.0,11023000.0,7006000.0,125790000.0,,-121311000.0
LIND,2015-12-31,False,FY,2015,10-K,209985000.0,15502000.0,19742000.0,0.44,0.43,0.0,381613000.0,234344000.0,104322000.0,206903000.0,113921000.0,40302000.0,-81511000.0,208524000.0
LINE,2015-12-31,False,FY,2015,10-K,2883334000.0,,-4762850000.0,-13.87,-13.87,0.0,9976946000.0,1558875000.0,4293716000.0,2168000.0,-268901000.0,1249457000.0,-307302000.0,-941796000.0
LOB,2015-12-31,False,FY,2015,10-K,118779000.0,,20625000.0,0.66,0.65,0.0,1052622000.0,,,102607000.0,199488000.0,-334683000.0,59576000.0,347812000.0
LPSN,2015-12-31,False,FY,2015,10-K,239012000.0,-10428000.0,-26444000.0,-0.47,-0.47,0.0,226194000.0,94382000.0,55260000.0,48803000.0,165305000.0,21831000.0,-18539000.0,-1887000.0
LOXO,2015-12-31,False,FY,2015,10-K,,,-35876000.0,-2.12,-2.12,0.0,157458000.0,156644000.0,,68177000.0,154605000.0,-30182000.0,-17177000.0,71606000.0
HHS,2015-12-31,False,FY,2015,10-K,495301000.0,-187575000.0,-170928000.0,-2.77,-2.77,0.34,414621000.0,151706000.0,97440000.0,17613000.0,140316000.0,30943000.0,-36165000.0,-31938000.0
CALL,2015-12-31,False,FY,2015,10-K,100962000.0,25343000.0,13510000.0,0.8,0.79,0.0,168836000.0,95103000.0,59924000.0,78589000.0,47668000.0,25364000.0,-1024000.0,-21696000.0
MTEX,2015-12-31,False,FY,2015,10-K,180300000.0,12144000.0,5839000.0,2.18,2.14,0.0,68642000.0,49885000.0,26379000.0,31994000.0,38564000.0,4386000.0,-1979000.0,142000.0
MNKD,2015-12-31,False,FY,2015,10-K,0.0,-344655000.0,-368445000.0,-0.91,-0.91,0.0,126412000.0,76654000.0,268319000.0,59074000.0,-350329000.0,-57232000.0,-10203000.0,5668000.0
COOL,2016-01-31,False,Q1,2016,10-Q,591000.0,-654000.0,-6649000.0,-0.66,-0.66,0.0,7593000.0,7555000.0,1906000.0,6652000.0,5687000.0,-398000.0,,-10003000.0
MBVT,2015-12-31,False,FY,2015,10-K,64076000.0,,12618000.0,1.98,1.98,1.12,2021237000.0,,,30605000.0,148054000.0,20080000.0,-143401000.0,119045000.0
MGCD,2016-01-31,False,Q1,2016,10-Q,9251000.0,233000.0,-4000.0,,,0.0,35373000.0,21632000.0,10171000.0,6587000.0,20112000.0,339000.0,-207000.0,-85000.0
IMN,2015-12-31,False,FY,2015,10-K,529200000.0,-177300000.0,-194000000.0,-4.84,-4.84,0.0,168400000.0,151700000.0,110100000.0,70400000.0,24400000.0,-17800000.0,-2800000.0,-20200000.0
MBRG,2015-12-31,False,FY,2015,10-K,5400000.0,52671000.0,7830000.0,1.1,1.09,0.46,1294863000.0,,,5489000.0,123554000.0,12303000.0,-93337000.0,65240000.0
NERV,2015-12-31,False,FY,2015,10-K,,-26109619.0,-27081632.0,-1.16,-1.16,0.0,82576391.0,33480822.0,5319963.0,14284054.0,55319557.0,-24269419.0,-18329588.0,38337359.0
MMAC,2015-12-31,False,FY,2015,10-K,988000.0,,17843000.0,2.59,2.59,0.0,599071000.0,,,21843000.0,296221000.0,-12155000.0,18002000.0,-13623000.0
ESI,2014-03-31,True,Q1,2014,10-Q,237923000.0,13023000.0,759000.0,0.03,0.03,0.0,780332000.0,398819000.0,457920000.0,205035000.0,116243000.0,36918000.0,-5863000.0,-41791000.0
ESI,2014-09-30,True,Q3,2014,10-Q,242561000.0,6783000.0,8122000.0,0.35,0.34,0.0,771113000.0,388658000.0,437563000.0,204227000.0,125928000.0,33122000.0,-1961000.0,-51890000.0
ESI,2014-06-30,True,Q2,2014,10-Q,238096000.0,6822000.0,-152000.0,-0.01,-0.01,0.0,778487000.0,407552000.0,459094000.0,224956000.0,116731000.0,21563000.0,-1635000.0,-7000.0
ESI,2014-12-31,True,FY,2014,10-K,961783000.0,61254000.0,23320000.0,0.99,0.98,0.0,752838000.0,291414000.0,322733000.0,135937000.0,142072000.0,136777000.0,-100325000.0,-116286000.0
ESI,2015-09-30,True,Q3,2015,10-Q,203178000.0,12512000.0,1688000.0,0.07,0.07,0.0,732149000.0,292303000.0,393945000.0,131461000.0,151631000.0,21292000.0,-3311000.0,-11152000.0
ESI,2015-03-31,True,Q1,2015,10-Q,229975000.0,27640000.0,10447000.0,0.44,0.44,0.0,740258000.0,292672000.0,316577000.0,145951000.0,147923000.0,33533000.0,-869000.0,-22650000.0
ESI,2015-12-31,False,FY,2015,10-K,849826000.0,79161000.0,23298000.0,0.99,0.97,0.0,664014000.0,243098000.0,330107000.0,130897000.0,161136000.0,76710000.0,-641000.0,-81109000.0
ESI,2015-06-30,True,Q2,2015,10-Q,214231000.0,11640000.0,716000.0,0.03,0.03,0.0,714978000.0,268240000.0,297334000.0,124632000.0,149162000.0,-1506000.0,-1581000.0,-18232000.0
MOSY,2015-12-31,False,FY,2015,10-K,4390000.0,-31491000.0,-31483000.0,-0.5,-0.5,0.0,48692000.0,23265000.0,3604000.0,5640000.0,44841000.0,-27474000.0,6878000.0,23126000.0
MHGC,2015-12-31,False,FY,2015,10-K,219982000.0,11870000.0,5451000.0,0.15,0.15,0.0,561778000.0,,,45925000.0,-209438000.0,5691000.0,28513000.0,-1772000.0
MFSF,2015-12-31,False,FY,2015,10-K,68915000.0,,12262000.0,1.66,1.62,0.48,1478265000.0,,,8610000.0,137025000.0,16137000.0,-67736000.0,42939000.0
NEO,2015-12-31,False,FY,2015,10-K,5000000.0,-5635000.0,-2657000.0,-0.04,-0.04,0.0,367955000.0,99028000.0,40058000.0,23420000.0,209510000.0,6393000.0,-75155000.0,58493000.0
NATR,2015-12-31,False,FY,2015,10-K,324705000.0,13872000.0,14687000.0,0.79,0.77,0.4,200520000.0,101518000.0,53136000.0,41420000.0,136265000.0,10162000.0,-18592000.0,-7578000.0
CUR,2015-12-31,False,FY,2015,10-K,10417.0,-19156528.0,-20903901.0,-0.23,-0.23,0.0,15048264.0,13520646.0,6515034.0,4716533.0,4967278.0,-18931666.0,7246441.0,3887187.0
NNBR,2015-12-31,False,FY,2015,10-K,40700000.0,26797000.0,11100000.0,-0.35,-0.35,0.28,1393526000.0,280181000.0,133351000.0,15087000.0,313881000.0,33310000.0,-665838000.0,611851000.0
NFBK,2015-12-31,False,FY,2015,10-K,109656000.0,,19531000.0,0.46,0.45,0.28,3202584000.0,,,15324000.0,559779000.0,-263000.0,25900000.0,-59428000.0
NWBO,2015-12-31,False,FY,2015,10-K,1739000.0,-126284000.0,-114741000.0,-1.48,-1.48,0.0,70797000.0,24101000.0,64789000.0,21813000.0,-4676000.0,-78608000.0,-6751000.0,94238000.0
NTLS,2015-12-31,False,FY,2015,10-K,362640000.0,31561000.0,-12206000.0,-0.57,-0.57,0.0,642989000.0,176642000.0,69966000.0,72687000.0,-39026000.0,4151000.0,1882000.0,-6892000.0
MIFI,2015-12-31,False,FY,2015,10-K,220942000.0,-37791000.0,-52286000.0,-0.99,-0.99,0.0,198753000.0,110976000.0,64212000.0,12570000.0,30463000.0,-26936000.0,-97087000.0,119167000.0
NWFL,2015-12-31,False,FY,2015,10-K,4585000.0,,5908000.0,1.6,1.6,1.24,750505000.0,,,9744000.0,100998000.0,10498000.0,-46244000.0,33380000.0
NMRX,2015-12-31,False,FY,2015,10-K,89450000.0,-8583000.0,-19157000.0,-1.0,-1.0,0.0,111627000.0,37511000.0,19946000.0,16237000.0,72596000.0,8877000.0,-5300000.0,-4610000.0
OCFC,2015-12-31,False,FY,2015,10-K,102289000.0,,20322000.0,1.22,1.21,0.52,2593068000.0,,,43946000.0,238446000.0,28451000.0,-95300000.0,74678000.0
OVBC,2015-12-31,False,FY,2015,10-K,44931000.0,,8574000.0,2.08,2.08,0.89,796285000.0,,,45530000.0,90470000.0,10398000.0,-4938000.0,9093000.0
OMER,2015-12-31,False,FY,2015,10-K,13509000.0,-71238000.0,-75096000.0,-2.0,-2.0,0.0,48995000.0,37146000.0,16253000.0,1365000.0,-26234000.0,-65209000.0,-20606000.0,86826000.0
OPXA,2015-12-31,False,FY,2015,10-K,2905165.0,-12093884.0,-12019278.0,-2.05,-2.05,0.0,14416698.0,13578831.0,4801436.0,12583764.0,9615262.0,-10511693.0,-92333.0,13281417.0
ONTY,2015-12-31,False,FY,2015,10-K,,-32789000.0,-32581000.0,-0.34,-0.34,0.0,96574000.0,57978000.0,4795000.0,27850000.0,83735000.0,-28870000.0,23700000.0,22566000.0
OCC,2016-01-31,False,Q1,2016,10-Q,14047890.0,-1603110.0,-1745021.0,-0.28,-0.28,0.0,42159685.0,26655000.0,4843623.0,538695.0,24324016.0,16217.0,-312315.0,-248279.0
OSUR,2015-12-31,False,FY,2015,10-K,119719000.0,8058000.0,8167000.0,0.14,0.14,0.0,189321000.0,136714000.0,25234000.0,94094000.0,159436000.0,15773000.0,-6705000.0,-5686000.0
PTSI,2015-12-31,False,FY,2015,10-K,417050000.0,36230000.0,21436000.0,2.94,2.93,0.0,357995000.0,92701000.0,86744000.0,157000.0,101554000.0,61525000.0,-85505000.0,-3512000.0
MMI,2015-12-31,False,FY,2015,10-K,689055000.0,114651000.0,66350000.0,1.71,1.69,0.0,321225000.0,196114000.0,75011000.0,96185000.0,188990000.0,72120000.0,-126929000.0,1835000.0
MN,2015-12-31,False,FY,2015,10-K,327818000.0,128552000.0,12529000.0,0.91,0.9,0.64,230796000.0,176548000.0,54559000.0,117591000.0,134780000.0,128718000.0,2073000.0,-138192000.0
PEIX,2015-12-31,False,FY,2015,10-K,1191176000.0,-17972000.0,-20051000.0,-0.6,-0.6,0.0,675143000.0,197942000.0,72909000.0,52712000.0,371544000.0,-26842000.0,-6325000.0,23795000.0
PMBC,2015-12-31,False,FY,2015,10-K,41483000.0,,11002000.0,0.54,0.53,0.0,1062389000.0,,,10645000.0,133916000.0,1928000.0,-14360000.0,-50782000.0
PCBK,2015-12-31,False,FY,2015,10-K,80861000.0,,18751000.0,0.97,0.97,0.42,1909478000.0,,,23819000.0,218491000.0,30013000.0,-148696000.0,129571000.0
PATK,2015-12-31,False,FY,2015,10-K,920333000.0,69918000.0,42219000.0,2.76,2.72,0.0,386049000.0,139738000.0,57926000.0,87000.0,128597000.0,65630000.0,-147387000.0,81721000.0
PKOH,2015-12-31,False,FY,2015,10-K,1463800000.0,97900000.0,48100000.0,3.94,3.88,0.5,946600000.0,549600000.0,225200000.0,62000000.0,212200000.0,44700000.0,-36500000.0,700000.0
PCTI,2015-12-31,False,FY,2015,10-K,106615000.0,-5756000.0,-1568000.0,-0.09,-0.09,0.2,113710000.0,71966000.0,12925000.0,7055000.0,100397000.0,9074000.0,-7689000.0,-14712000.0
PCMI,2015-12-31,False,FY,2015,10-K,1661948000.0,-25482000.0,-18258000.0,-1.52,-1.52,0.0,600173000.0,435697000.0,444862000.0,11176000.0,109515000.0,-52436000.0,-66241000.0,122232000.0
SKIS,2016-01-31,False,Q3,2016,10-Q,38667000.0,8833000.0,3700000.0,0.26,0.26,0.1375,315542000.0,82262000.0,112609000.0,11461000.0,64403000.0,8108000.0,-67963000.0,54467000.0
PGC,2015-12-31,False,FY,2015,10-K,108166000.0,,19972000.0,1.31,1.29,0.2,3364659000.0,,,70160000.0,275676000.0,30306000.0,-625427000.0,634074000.0
PENN,2015-12-31,False,FY,2015,10-K,2838358000.0,467846000.0,619000.0,0.01,0.01,0.0,5138752000.0,372476000.0,557774000.0,237009000.0,-678043000.0,398982000.0,-781005000.0,410359000.0
MED,2015-12-31,False,FY,2015,10-K,272773000.0,28684000.0,20058000.0,1.68,1.66,0.25,117326000.0,88073000.0,23564000.0,42037000.0,88584000.0,29411000.0,-189000.0,-11731000.0
PEBK,2015-12-31,False,FY,2015,10-K,3979000.0,,9633000.0,1.73,1.72,0.28,1038481000.0,,,29194000.0,104864000.0,13863000.0,-30126000.0,-13072000.0
MSL,2015-12-31,False,FY,2015,10-K,10182000.0,,10330000.0,0.91,0.9,0.36,1927733000.0,,,37170000.0,213137000.0,29185000.0,-12297000.0,-14559000.0
PFMT,2015-12-31,False,FY,2015,10-K,159381000.0,6708000.0,-1795000.0,-0.04,-0.04,0.0,244656000.0,110328000.0,54794000.0,71182000.0,93856000.0,16171000.0,-6627000.0,-18691000.0
PFSW,2015-12-31,False,FY,2015,10-K,288269000.0,-4607000.0,-7861000.0,-0.45,-0.45,0.0,191290000.0,116384000.0,103955000.0,21781000.0,43758000.0,21973000.0,-36108000.0,19255000.0
PFBX,2015-12-31,False,FY,2015,10-K,6898000.0,,-4592000.0,-0.9,-0.9,0.0,641004000.0,,,31396000.0,91839000.0,4639000.0,27713000.0,-24512000.0
PICO,2015-12-31,False,FY,2015,10-K,266663000.0,,-81858000.0,-1.49,-1.49,0.0,663609000.0,,,56462000.0,434004000.0,-48923000.0,106593000.0,-63248000.0
PLUG,2015-12-31,False,FY,2015,10-K,103288000.0,-59002000.0,-55795000.0,-0.32,-0.32,0.0,209456000.0,131230000.0,42706000.0,63961000.0,124736000.0,-47274000.0,-2024000.0,-32923000.0
MC,2015-12-31,False,FY,2015,10-K,551863000.0,137503000.0,33104000.0,1.65,1.55,1.0,539461000.0,,,248022000.0,257418000.0,142302000.0,-1740000.0,-89740000.0
PFBI,2015-12-31,False,FY,2015,10-K,14957000.0,,12446000.0,1.52,1.49,0.56,1244693000.0,,,72539000.0,147232000.0,16832000.0,-472000.0,-19205000.0
PRGX,2015-12-31,False,FY,2015,10-K,138302000.0,5074000.0,-3226000.0,-0.12,-0.12,0.0,80391000.0,47776000.0,26135000.0,15122000.0,52415000.0,13453000.0,-4219000.0,-18392000.0
MYE,2015-12-31,False,FY,2015,10-K,601538000.0,30861000.0,17762000.0,0.58,0.57,0.54,429916000.0,154308000.0,116812000.0,7344000.0,97703000.0,37732000.0,47715000.0,-81821000.0
NPK,2015-12-31,False,FY,2015,10-K,427690000.0,60394000.0,40496000.0,5.83,5.83,0.0,387384000.0,261592000.0,48130000.0,56222000.0,339254000.0,46275000.0,-16300000.0,-27796000.0
NRP,2015-12-31,True,FY,2015,10-K,488849000.0,-477911000.0,-571720000.0,-45.75,-45.75,0.0,1684075000.0,121129000.0,136647000.0,51773000.0,,203424000.0,-30271000.0,-171456000.0
NPTN,2015-12-31,False,FY,2015,10-K,55800000.0,3953000.0,3668000.0,0.1,0.09,0.0,341878000.0,263198000.0,111987000.0,76088000.0,211656000.0,26138000.0,-21906000.0,29623000.0
PRTO,2015-12-31,False,FY,2015,10-K,,-20870000.0,-21377000.0,-1.3,-1.3,0.0,67538000.0,66608000.0,4133000.0,40031000.0,63405000.0,-17566000.0,-11331000.0,163000.0
JWN,2016-01-30,False,FY,2015,10-K,14095000000.0,,600000000.0,3.22,3.15,6.33,7698000000.0,3014000000.0,2911000000.0,595000000.0,871000000.0,2451000000.0,-144000000.0,-2539000000.0
QUMU,2015-12-31,False,FY,2015,10-K,34454000.0,-29404000.0,-28699000.0,-3.11,-3.11,0.0,54412000.0,28629000.0,19113000.0,7072000.0,30757000.0,-23227000.0,18923000.0,-228000.0
RDNT,2015-12-31,False,FY,2015,10-K,809628000.0,39117000.0,7709000.0,0.18,0.17,0.0,838435000.0,230522000.0,157652000.0,446000.0,36461000.0,67037000.0,-96796000.0,29939000.0
ROIA,2015-12-31,False,FY,2015,10-K,450861000.0,36167000.0,-74022000.0,-1.54,-1.54,0.0,1346524000.0,213559000.0,83406000.0,67376000.0,-71824000.0,41752000.0,-219261000.0,177104000.0
RELY,2015-12-31,False,FY,2015,10-K,1145600000.0,10200000.0,-9200000.0,-1.28,-1.28,0.0,700900000.0,271800000.0,155100000.0,35700000.0,142400000.0,92500000.0,-477300000.0,358000000.0
REGI,2015-12-31,False,FY,2015,10-K,1387344000.0,-154733000.0,-151392000.0,-3.44,-3.44,0.0,1223620000.0,475584000.0,293971000.0,47081000.0,614010000.0,80160000.0,-67922000.0,-27274000.0
RPRX,2015-12-31,False,FY,2015,10-K,11000.0,,-29192000.0,-1.2,-1.2,0.0,21485000.0,21477000.0,2918000.0,21393000.0,18567000.0,-25329000.0,0.0,102000.0
FRBK,2015-12-31,False,FY,2015,10-K,34000.0,,2433000.0,0.06,0.06,0.0,1439443000.0,,,27139000.0,113375000.0,-1084000.0,-6400000.0,64000.0
RTK,2015-12-31,False,FY,2015,10-K,295844000.0,-214818000.0,-119889000.0,-5.22,-5.22,0.0,650291000.0,137129000.0,113369000.0,41708000.0,-80420000.0,68759000.0,-83920000.0,22567000.0
REXX,2015-12-31,False,FY,2015,10-K,171993000.0,-435089000.0,-372938000.0,-6.85,-6.85,0.0,1098506000.0,58681000.0,97808000.0,1091000.0,160231000.0,30885000.0,-155446000.0,107556000.0
FUEL,2015-12-31,False,FY,2015,10-K,461637000.0,-201649000.0,-210545000.0,-4.95,-4.95,0.0,347054000.0,209442000.0,168464000.0,78560000.0,133900000.0,4461000.0,-23592000.0,-9394000.0
RBCN,2015-12-31,False,FY,2015,10-K,23818000.0,-75949000.0,-77830000.0,-2.98,-2.98,0.0,119242000.0,60257000.0,6702000.0,21216000.0,111986000.0,-16716000.0,10737000.0,1509000.0
SAEX,2015-12-31,False,FY,2015,10-K,174770000.0,15589000.0,-9875000.0,-0.63,-0.63,0.0,158794000.0,85722000.0,48896000.0,11300000.0,-30212000.0,3098000.0,-6277000.0,2412000.0
SAJA,2015-12-31,False,FY,2015,10-K,29688000.0,209000.0,142000.0,0.03,0.03,0.0,10912000.0,10089000.0,4963000.0,3727000.0,5949000.0,455000.0,-515000.0,-832000.0
OFG,2015-12-31,False,FY,2015,10-K,459040000.0,,-16366000.0,-0.37,-0.37,0.36,7099149000.0,,,532010000.0,897077000.0,97082000.0,153042000.0,-286842000.0
OMAM,2015-12-31,False,FY,2015,10-K,699300000.0,191200000.0,155500000.0,1.29,1.29,0.0,1014100000.0,,,135900000.0,165900000.0,253600000.0,-155700000.0,-230600000.0
OLP,2015-12-31,False,FY,2015,10-K,65711000.0,32653000.0,19665000.0,1.23,1.22,1.58,650378000.0,,,12736000.0,262426000.0,33916000.0,-73498000.0,31974000.0
ORN,2015-12-31,False,FY,2015,10-K,602537000.0,-7533000.0,-8060000.0,-0.29,-0.29,0.0,465500000.0,193117000.0,118295000.0,1345000.0,227714000.0,25179000.0,-128795000.0,66068000.0
SBCF,2015-12-31,False,FY,2015,10-K,149012000.0,,22141000.0,0.66,0.66,0.0,3534780000.0,,,81216000.0,353453000.0,22989000.0,-164381000.0,176920000.0
MCRB,2015-12-31,False,FY,2015,10-K,0.0,-54856000.0,-54780000.0,-2.33,-2.33,0.0,216900000.0,207610000.0,10920000.0,73933000.0,205394000.0,-40844000.0,-137133000.0,137725000.0
SQBG,2015-12-31,False,FY,2015,10-K,88262000.0,29651000.0,-2871000.0,-0.07,-0.06,0.0,1297772000.0,94586000.0,44879000.0,41560000.0,525649000.0,-8951000.0,-341846000.0,369836000.0
BTU,2015-12-31,False,FY,2015,10-K,5609200000.0,-1464800000.0,-1996000000.0,-109.98,-109.98,0.075,11021300000.0,1378000000.0,7392300000.0,261300000.0,918500000.0,-14400000.0,-290000000.0,267700000.0
SGMA,2016-01-31,False,Q3,2016,10-Q,59206344.0,587248.0,218728.0,0.05,0.05,0.0,140519541.0,97798153.0,47841737.0,3506609.0,59861626.0,8894915.0,-1897449.0,-6359074.0
PNX,2015-12-31,False,FY,2015,10-K,1694800000.0,,-133700000.0,-23.25,-23.25,0.0,21091900000.0,,,627300000.0,173800000.0,-61500000.0,77300000.0,0.0
SZYM,2015-12-31,False,FY,2015,10-K,46131000.0,-105828000.0,-141447000.0,-1.76,-1.76,0.0,182423000.0,118944000.0,25330000.0,46966000.0,-46475000.0,-85115000.0,89117000.0,708000.0
SRNE,2015-12-31,False,FY,2015,10-K,4590000.0,-74005000.0,-45811000.0,-1.24,-1.24,0.0,343519000.0,141018000.0,30873000.0,39038000.0,140938000.0,-42069000.0,12552000.0,-3347000.0
SONA,2015-12-31,False,FY,2015,10-K,47482000.0,,9289000.0,0.76,0.75,0.52,1036107000.0,,,3972000.0,119636000.0,12219000.0,-127036000.0,106833000.0
ONCE,2015-12-31,False,FY,2015,10-K,22063674.0,-47317811.0,-47760572.0,-2.1,-2.1,0.0,329772514.0,311607784.0,22115651.0,293530590.0,290537795.0,-47478227.0,-4521769.0,270963623.0
PGEM,2015-12-31,False,FY,2015,10-K,1839726000.0,122532000.0,32288000.0,0.47,0.47,0.0,1285904000.0,490901000.0,234763000.0,109425000.0,-76813000.0,139315000.0,-54738000.0,-3514000.0
SPPI,2015-12-31,False,FY,2015,10-K,162556000.0,-40732000.0,-50785000.0,-0.78,-0.78,0.0,421220000.0,191324000.0,76343000.0,139741000.0,212857000.0,6744000.0,2838000.0,1471000.0
POWR,2015-12-31,False,FY,2015,10-K,443701000.0,11032000.0,5839000.0,0.26,0.26,0.0,335815000.0,224168000.0,148288000.0,18433000.0,165488000.0,713000.0,-12037000.0,-4009000.0
APTS,2015-12-31,False,FY,2015,10-K,109305512.0,18889742.0,-21171858.0,-0.95,-0.95,0.7275,1295529033.0,,,2439605.0,525453790.0,35221423.0,-533510211.0,497615123.0
STEM,2015-12-31,False,FY,2015,10-K,116887.0,-36720426.0,-36415026.0,-0.38,-0.38,0.0,21219464.0,15212990.0,9830225.0,12110565.0,-334210.0,-30679424.0,-885280.0,18706825.0
STML,2015-12-31,False,FY,2015,10-K,822604.0,-37633359.0,-37243861.0,-2.15,-2.15,0.0,98215623.0,46691330.0,9455477.0,13376196.0,88111956.0,-25589442.0,-50922458.0,64880879.0
SRCL,2015-12-31,False,FY,2015,10-K,2985908000.0,487612000.0,256940000.0,3.02,2.98,0.0,7077450000.0,761828000.0,587349000.0,55634000.0,2747838000.0,390328000.0,-2533904000.0,2181208000.0
SSKN,2015-12-31,False,FY,2015,10-K,18495000.0,-16475000.0,-27909000.0,-3.27,-3.27,0.0,51372000.0,11979000.0,7079000.0,3303000.0,16087000.0,-6585000.0,-44224000.0,42670000.0
STRL,2015-12-31,False,FY,2015,10-K,623595000.0,-14387000.0,-20402000.0,-2.02,-2.02,0.0,267284000.0,134921000.0,104647000.0,4426000.0,95754000.0,8969000.0,-4488000.0,-22898000.0
STRS,2015-12-31,False,FY,2015,10-K,80871000.0,25732000.0,12177000.0,1.51,1.51,0.0,432627000.0,,,17036000.0,136674000.0,-1790000.0,-12590000.0,1771000.0
PZN,2015-12-31,False,FY,2015,10-K,116607000.0,55417000.0,7679000.0,0.55,0.5,0.41,114309000.0,,,35417000.0,85462000.0,57430000.0,-6192000.0,-54930000.0
SNSS,2015-12-31,False,FY,2015,10-K,3061000.0,-39302000.0,-36676000.0,-0.5,-0.5,0.0,47002000.0,46988000.0,18999000.0,26886000.0,27393000.0,-38731000.0,1247000.0,42184000.0
SNBC,2015-12-31,False,FY,2015,10-K,97833000.0,,10220000.0,0.55,0.55,0.0,2210584000.0,,,21836000.0,256388000.0,-1606000.0,162894000.0,-505406000.0
SSH,2015-12-31,False,FY,2015,10-K,59000.0,-25958000.0,-26583000.0,-1.47,-1.47,0.0,24570000.0,23652000.0,8058000.0,23113000.0,12171000.0,-22989000.0,-199000.0,15055000.0
SUNW,2015-12-31,False,FY,2015,10-K,53713000.0,2371000.0,1056000.0,0.06,0.05,0.0,34864000.0,22719000.0,11045000.0,12040000.0,23542000.0,1253000.0,-3038000.0,13411000.0
RNF,2015-12-31,False,FY,2015,10-K,340731000.0,-81099000.0,-101923000.0,-2.62,-2.62,0.0,241370000.0,65509000.0,53471000.0,15823000.0,,79478000.0,-36443000.0,-55240000.0
SNTA,2015-12-31,False,FY,2015,10-K,,-67610000.0,-68671000.0,-0.53,-0.53,0.0,68195000.0,67775000.0,17788000.0,34966000.0,50407000.0,-71444000.0,20000000.0,40386000.0
TTEC,2015-12-31,False,FY,2015,10-K,-12410000.0,90180000.0,61666000.0,1.27,1.26,0.0,843327000.0,415072000.0,206906000.0,60304000.0,440817000.0,133750000.0,-77169000.0,-52900000.0
TBNK,2015-12-31,False,FY,2015,10-K,68003000.0,,14748000.0,1.63,1.59,0.76,1821141000.0,,,10318000.0,219641000.0,17111000.0,-132354000.0,106102000.0
RST,2015-12-31,False,FY,2015,10-K,217670000.0,-43813000.0,-46796000.0,-2.17,-2.17,0.0,228543000.0,119660000.0,161807000.0,47782000.0,22410000.0,-5645000.0,-9374000.0,-727000.0
TGTX,2015-12-31,False,FY,2015,10-K,1524000.0,-63180016.0,-62948646.0,-1.38,-1.38,0.0,113473201.0,86873331.0,10528470.0,55061329.0,101573302.0,-44690272.0,-24685869.0,68723686.0
FLIC,2015-12-31,False,FY,2015,10-K,100893000.0,,25890000.0,1.85,1.83,0.78,3130343000.0,,,2351000.0,250936000.0,35336000.0,-416806000.0,388161000.0
KEYW,2015-12-31,False,FY,2015,10-K,311810000.0,-26766000.0,-58622000.0,-1.51,-1.51,0.0,453405000.0,99559000.0,36608000.0,21227000.0,251825000.0,12258000.0,-34733000.0,4101000.0
TIPT,2015-12-31,False,FY,2015,10-K,440116000.0,,5779000.0,0.17,0.17,0.1,2501228000.0,,,69400000.0,397694000.0,-6285000.0,-215115000.0,237813000.0
TTNP,2015-12-31,False,FY,2015,10-K,1671000.0,-6759000.0,-11279000.0,-0.56,-0.56,0.0,13287000.0,12244000.0,4853000.0,7857000.0,6990000.0,-7466000.0,-133000.0,-14000.0
TZOO,2015-12-31,False,FY,2015,10-K,141716000.0,7146000.0,10864000.0,0.74,0.74,0.0,68579000.0,57061000.0,41015000.0,35128000.0,21387000.0,4192000.0,-1218000.0,-20012000.0
SFS,2016-01-03,False,FY,2015,10-K,3970980000.0,94865000.0,38262000.0,0.52,0.5,0.0,1821289000.0,372463000.0,310382000.0,59327000.0,566571000.0,145391000.0,-196616000.0,3705000.0
UNB,2015-12-31,False,FY,2015,10-K,5125000.0,,7878000.0,1.77,1.77,1.08,628879000.0,,,17961000.0,53568000.0,13130000.0,-34846000.0,-2067000.0
SRT,2015-12-31,False,FY,2015,10-K,136422000.0,-14013000.0,-15616000.0,-1.01,-1.01,0.0,115674000.0,64018000.0,63697000.0,2626000.0,41925000.0,-4636000.0,-24998000.0,26519000.0
SGM,2015-12-31,False,FY,2015,10-K,182740000.0,,-22270000.0,-0.86,-0.86,0.0,1280626000.0,,,32463000.0,261628000.0,165600000.0,71227000.0,-249746000.0
SRI,2015-12-31,False,FY,2015,10-K,644812000.0,27815000.0,22774000.0,0.83,0.81,0.0,364252000.0,231909000.0,108050000.0,54361000.0,106429000.0,54805000.0,-30370000.0,-11019000.0
UACL,2015-12-31,False,FY,2015,10-K,1128773000.0,73395000.0,40001000.0,1.37,1.37,0.28,510998000.0,209531000.0,154104000.0,12930000.0,131081000.0,78304000.0,-26159000.0,-46170000.0
ASTM,2015-12-31,False,FY,2015,10-K,51168000.0,-16671000.0,-23076000.0,-0.97,-0.97,0.0,34309000.0,27343000.0,12108000.0,14581000.0,22130000.0,-13346000.0,-2392000.0,-24000.0
VBTX,2015-12-31,False,FY,2015,10-K,38624000.0,,8692000.0,0.86,0.84,0.0,1039600000.0,,,10989000.0,132046000.0,16048000.0,-145973000.0,108225000.0
VCYT,2015-12-31,False,FY,2015,10-K,49503000.0,-33466000.0,-33704000.0,-1.3,-1.3,0.0,75285000.0,47933000.0,14722000.0,39084000.0,51252000.0,-26965000.0,-6698000.0,37733000.0
VICL,2015-12-31,False,FY,2015,10-K,20950000.0,-9404000.0,-9238000.0,-0.1,-0.1,0.0,49914000.0,44498000.0,4162000.0,13450000.0,45393000.0,-6948000.0,-53000.0,-20000.0
WFBI,2015-12-31,False,FY,2015,10-K,73091000.0,,12181000.0,1.21,1.19,0.0,1678577000.0,,,62753000.0,178595000.0,11324000.0,-292553000.0,281676000.0
WLB,2015-12-31,False,FY,2015,10-K,1411048000.0,-132341000.0,-203317000.0,-11.36,-11.36,0.0,1502396000.0,320813000.0,312670000.0,22936000.0,-601884000.0,45562000.0,-70801000.0,36723000.0
WLDN,2016-01-01,False,FY,2015,10-K,135103000.0,7530000.0,4259000.0,0.54,0.52,0.0,72345000.0,50515000.0,28016000.0,16487000.0,37616000.0,8102000.0,-10636000.0,848000.0
TA,2015-12-31,False,FY,2015,10-K,5850633000.0,78297000.0,26333000.0,0.72,0.72,0.0,1635094000.0,495340000.0,295622000.0,172087000.0,549319000.0,136888000.0,-237477000.0,48495000.0
TRMR,2015-12-31,False,FY,2015,10-K,173837000.0,-42767000.0,-43230000.0,-0.84,-0.84,0.0,168124000.0,134386000.0,60238000.0,59887000.0,101432000.0,-7959000.0,-9404000.0,-386000.0
TPUB,2015-12-27,False,FY,2015,10-K,1672820000.0,24967000.0,-2765000.0,-0.11,-0.11,0.7,832966000.0,312157000.0,313430000.0,40832000.0,-14398000.0,62924000.0,-91005000.0,32238000.0
YCB,2015-12-31,False,FY,2015,10-K,33799000.0,,9984000.0,1.85,1.82,0.48,1556015000.0,,,30425000.0,127086000.0,10542000.0,117157000.0,-110146000.0
ZFGN,2015-12-31,False,FY,2015,10-K,0.0,-73813000.0,-74286000.0,-2.78,-2.78,0.0,189106000.0,188110000.0,16543000.0,35595000.0,169110000.0,-59554000.0,-92118000.0,129164000.0
UCP,2015-12-31,False,FY,2015,10-K,278791000.0,5646000.0,2371000.0,0.3,0.3,0.0,416221000.0,,,39829000.0,217408000.0,-21086000.0,-980000.0,19862000.0
ZLTQ,2015-12-31,False,FY,2015,10-K,255416000.0,3694000.0,41802000.0,1.08,1.02,0.0,178827000.0,121802000.0,53400000.0,35710000.0,124302000.0,7743000.0,445000.0,-418000.0
ZN,2015-12-31,False,FY,2015,10-K,,-7262000.0,-7306000.0,-0.2,-0.2,0.0,10432000.0,5040000.0,1453000.0,2871000.0,8730000.0,-5581000.0,-615000.0,3723000.0
ZUMZ,2016-01-30,False,FY,2015,10-K,804183000.0,46165000.0,28785000.0,1.05,1.04,0.0,414695000.0,198897000.0,69142000.0,43163000.0,296957000.0,48607000.0,64730000.0,-90758000.0
ZGNX,2015-12-31,False,FY,2015,10-K,27182000.0,-47726000.0,26144000.0,1.22,1.22,0.0,305987000.0,184596000.0,30079000.0,155349000.0,182760000.0,-64602000.0,85545000.0,92201000.0
ZYNC,2015-12-31,False,FY,2015,10-K,278900.0,-12531159.0,-12551350.0,-2.82,-2.82,0.0,43643541.0,43415695.0,3937617.0,41513060.0,39705924.0,-9786799.0,-216335.0,42185513.0
VEC,2015-12-31,False,FY,2015,10-K,1180684000.0,39962000.0,30973000.0,2.94,2.86,0.0,484396000.0,261507000.0,212518000.0,39995000.0,89310000.0,18880000.0,118000.0,-21710000.0
VRTV,2015-12-31,False,FY,2015,10-K,8717700000.0,78600000.0,26700000.0,1.67,1.67,0.0,2476900000.0,1925200000.0,814200000.0,54400000.0,530100000.0,113000000.0,-44100000.0,-70400000.0
VSLR,2015-12-31,False,FY,2015,10-K,64182000.0,-231114000.0,13080000.0,0.12,0.12,0.0,1609070000.0,113558000.0,116470000.0,92213000.0,609252000.0,-189244000.0,-556446000.0,576254000.0
VCRA,2015-12-31,False,FY,2015,10-K,104086000.0,-16795000.0,-17106000.0,-0.66,-0.66,0.0,162261000.0,145266000.0,47766000.0,20572000.0,104431000.0,-135000.0,-3751000.0,1843000.0
OXF,2015-12-31,False,FY,2015,10-K,384700000.0,-5212000.0,-33688000.0,178.7,178.7,0.0,425290000.0,64542000.0,60354000.0,3710000.0,-270000.0,31994000.0,-134878000.0,100590000.0
XRM,2015-12-31,False,FY,2015,10-K,477243000.0,46014000.0,-4380000.0,-0.28,-0.28,0.0,550374000.0,173617000.0,108738000.0,9839000.0,-113070000.0,31163000.0,-47605000.0,16574000.0
