symbol,end_date,amend,period_focus,fiscal_year,doc_type,revenues,op_income,net_income,eps_basic,eps_diluted,dividend,assets,cur_assets,cur_liab,cash,equity,cash_flow_op,cash_flow_inv,cash_flow_fin
BVX,2016-09-30,False,Q3,2016,10-Q,10063000.0,-245000.0,-964000.0,-0.04,-0.04,0.0,29148000.0,20471000.0,4225000.0,9329000.0,20629000.0,-2293000.0,-182000.0,-1000.0
INUV,2016-09-30,False,Q3,2016,10-Q,17485087.0,-452201.0,-263073.0,-0.02,-0.02,0.0,26465015.0,10348118.0,10677287.0,3638111.0,11658120.0,488582.0,-929380.0,-178295.0
ZEDG,2016-07-31,False,FY,2016,10-K,11113000.0,1173000.0,983000.0,0.12,0.11,0.0,12433000.0,7963000.0,1837000.0,5978000.0,10596000.0,1842000.0,-1006000.0,3009000.0
ABD,2016-09-30,False,Q3,2016,10-Q,431300000.0,55700000.0,22700000.0,0.21,0.21,0.0,2156600000.0,739800000.0,373600000.0,101000000.0,724100000.0,110000000.0,-99100000.0,28700000.0
AYI,2016-08-31,False,FY,2016,10-K,3291300000.0,475200000.0,290400000.0,6.67,6.63,0.52,2948000000.0,1322900000.0,672500000.0,413200000.0,1659800000.0,345700000.0,-704700000.0,19400000.0
AET,2016-09-30,False,Q3,2016,10-Q,15781500000.0,,603900000.0,1.72,1.7,0.0,71882600000.0,29943400000.0,19335500000.0,19066200000.0,18344500000.0,4621000000.0,-325900000.0,12246800000.0
ALLE,2016-09-30,False,Q3,2016,10-Q,581100000.0,121500000.0,1600000.0,0.02,0.02,0.12,2306600000.0,802300000.0,432300000.0,214500000.0,155500000.0,178400000.0,-49300000.0,-116000000.0
AB,2016-09-30,False,Q3,2016,10-Q,531856000.0,,50258000.0,0.52,0.52,0.0,1475139000.0,,,0.0,,127003000.0,-2371000.0,-124632000.0
MO,2016-09-30,False,Q3,2016,10-Q,6905000000.0,2382000000.0,1093000000.0,0.56,0.56,0.61,32934000000.0,6403000000.0,6895000000.0,2298000000.0,2947000000.0,3500000000.0,35000000.0,-3606000000.0
AMT,2016-09-30,False,Q3,2016,10-Q,1514845000.0,479074000.0,237728000.0,0.56,0.55,0.55,30655527000.0,1370756000.0,1519553000.0,530358000.0,6774281000.0,1978431000.0,-1786202000.0,26727000.0
AR,2016-09-30,False,Q3,2016,10-Q,1116503000.0,467332000.0,238255000.0,0.78,0.77,0.0,14629253000.0,695471000.0,611904000.0,18512000.0,7980282000.0,905697000.0,-1974667000.0,1064009000.0
AIT,2016-09-30,False,Q1,2017,10-Q,624848000.0,43218000.0,27371000.0,0.7,0.7,0.28,1299439000.0,777361000.0,264301000.0,58022000.0,680448000.0,41864000.0,-1252000.0,-42152000.0
ABG,2016-09-30,False,Q3,2016,10-Q,1683100000.0,70700000.0,32400000.0,1.47,1.47,0.0,2326500000.0,1337100000.0,1099800000.0,3700000.0,255600000.0,151100000.0,-77500000.0,-72700000.0
ASB,2016-09-30,False,Q3,2016,10-Q,273768000.0,,51628000.0,0.34,0.34,0.0,29152764000.0,,,356047000.0,3097115000.0,407669000.0,-1465961000.0,1194914000.0
ALV,2016-09-30,False,Q3,2016,10-Q,2461300000.0,191100000.0,137800000.0,1.56,1.56,0.58,8301200000.0,4145300000.0,2426000000.0,1182600000.0,4037000000.0,574200000.0,-566900000.0,-152200000.0
AXTA,2016-09-30,False,Q3,2016,10-Q,1023400000.0,120200000.0,-10700000.0,-0.04,-0.04,0.0,6142500000.0,2072600000.0,916100000.0,528300000.0,1330800000.0,323800000.0,-205100000.0,-65300000.0
AXS,2016-09-30,False,Q3,2016,10-Q,1062487000.0,,176644000.0,1.97,1.96,0.35,21222391000.0,,,848200000.0,6025658000.0,265310000.0,116695000.0,-522531000.0
MTRN,2016-09-30,False,Q3,2016,10-Q,21552000.0,10151000.0,8045000.0,0.4,0.4,0.095,748117000.0,358716000.0,98659000.0,15806000.0,499950000.0,26354000.0,-27620000.0,-7688000.0
BMI,2016-09-30,False,Q3,2016,10-Q,96273000.0,13942000.0,8792000.0,0.3,0.3,0.115,357127000.0,156747000.0,87655000.0,10669000.0,252509000.0,40183000.0,-7849000.0,-29820000.0
BA,2016-09-30,False,Q3,2016,10-Q,23898000000.0,2282000000.0,2279000000.0,3.64,3.6,1.09,88950000000.0,62237000000.0,48489000000.0,8986000000.0,2150000000.0,7667000000.0,-1964000000.0,-8013000000.0
BCC,2016-09-30,False,Q3,2016,10-Q,1067214000.0,31307000.0,9981000.0,0.26,0.26,0.0,1638805000.0,987263000.0,478247000.0,131184000.0,572474000.0,113254000.0,-270780000.0,104214000.0
BWA,2016-09-30,False,Q3,2016,10-Q,2214200000.0,150300000.0,83300000.0,0.39,0.39,0.13,9007300000.0,3289200000.0,2445100000.0,518700000.0,3790700000.0,593100000.0,-342400000.0,-310100000.0
BOOT,2016-09-24,False,Q2,2017,10-Q,133969000.0,4443000.0,479000.0,0.02,0.02,0.0,561901000.0,222982000.0,169065000.0,11063000.0,164795000.0,6676000.0,-10481000.0,7673000.0
BMY,2016-09-30,False,Q3,2016,10-Q,4922000000.0,,1202000000.0,0.72,0.72,0.38,33727000000.0,13204000000.0,8996000000.0,3432000000.0,15781000000.0,1422000000.0,1464000000.0,-1855000000.0
BCO,2016-09-30,False,Q3,2016,10-Q,755800000.0,50000000.0,24500000.0,0.49,0.48,0.1,2022500000.0,866100000.0,647100000.0,191500000.0,392000000.0,57000000.0,-68900000.0,26600000.0
BCR,2016-09-30,False,Q3,2016,10-Q,941900000.0,,96000000.0,1.3,1.27,0.0,5310700000.0,2302400000.0,875100000.0,996400000.0,1722100000.0,344200000.0,-341100000.0,41900000.0
CAB,2016-10-01,False,Q3,2016,10-Q,996495000.0,2365000.0,28240000.0,0.41,0.41,0.0,8883145000.0,6875265000.0,2497509000.0,136534000.0,1955208000.0,242592000.0,-744362000.0,320504000.0
CWT,2016-09-30,False,Q3,2016,10-Q,184268000.0,30055000.0,22875000.0,0.48,0.48,0.1725,2386043000.0,151127000.0,203981000.0,21351000.0,652012000.0,123192000.0,-169306000.0,58628000.0
CPN,2016-09-30,False,Q3,2016,10-Q,2355000000.0,175000000.0,295000000.0,0.83,0.83,0.0,17988000000.0,3715000000.0,2314000000.0,561000000.0,3271000000.0,667000000.0,-841000000.0,-171000000.0
CRR,2016-09-30,False,Q3,2016,10-Q,20241000.0,-30490000.0,-19950000.0,-0.81,-0.81,0.0,752974000.0,235388000.0,31960000.0,107999000.0,630113000.0,-5285000.0,-6554000.0,40258000.0
CSL,2016-09-30,False,Q3,2016,10-Q,991000000.0,36400000.0,-9800000.0,-0.15,-0.15,0.35,3963300000.0,1399700000.0,523600000.0,355400000.0,2446900000.0,355100000.0,-179600000.0,-231700000.0
CSV,2016-09-30,False,Q3,2016,10-Q,60140000.0,11743000.0,5683000.0,0.34,0.33,0.05,859511000.0,29168000.0,38750000.0,855000.0,173951000.0,34280000.0,-32398000.0,-1562000.0
CRS,2016-09-30,False,Q1,2017,10-Q,389000000.0,1400000.0,-6200000.0,-0.13,-0.13,0.18,2814100000.0,1043100000.0,264300000.0,50900000.0,1120900000.0,3900000.0,-26600000.0,-8200000.0
CRI,2016-10-01,False,Q3,2016,10-Q,901425000.0,130894000.0,80179000.0,1.62,1.6,0.33,1937705000.0,1045314000.0,282145000.0,140626000.0,776134000.0,116574000.0,-70974000.0,-287410000.0
CBI,2016-09-30,False,Q3,2016,10-Q,2776177000.0,233522000.0,121760000.0,1.2,1.2,0.07,9169299000.0,3464952000.0,4987771000.0,614966000.0,2346856000.0,495041000.0,-151686000.0,-268422000.0
CMG,2016-09-30,False,Q3,2016,10-Q,1036982000.0,9726000.0,7799000.0,0.27,0.27,0.0,2067033000.0,468897000.0,279499000.0,154128000.0,1441020000.0,281072000.0,393396000.0,-769443000.0
CLW,2016-09-30,False,Q3,2016,10-Q,435320000.0,9280000.0,901000.0,0.05,0.05,0.0,1547814000.0,399889000.0,244374000.0,331000.0,471203000.0,138883000.0,-105264000.0,-38898000.0
CLD,2016-09-30,False,Q3,2016,10-Q,217073000.0,10861000.0,-1584000.0,-0.03,-0.03,0.0,1726919000.0,226607000.0,140584000.0,90301000.0,927314000.0,36330000.0,-30048000.0,-5294000.0
CMS,2016-09-30,False,Q3,2016,10-Q,1587000000.0,386000000.0,186000000.0,0.67,0.67,0.31,20842000000.0,2198000000.0,2069000000.0,339000000.0,4296000000.0,1241000000.0,-1405000000.0,237000000.0
CLF,2016-09-30,False,Q3,2016,10-Q,553300000.0,34700000.0,-25800000.0,-0.12,-0.12,0.0,1772900000.0,699600000.0,323500000.0,132200000.0,-1400500000.0,72100000.0,-39500000.0,-186000000.0
CDE,2016-09-30,False,Q3,2016,10-Q,176247000.0,,69557000.0,0.43,0.42,0.0,1370942000.0,467511000.0,113207000.0,222517000.0,632331000.0,47812000.0,-18140000.0,-64867000.0
KO,2016-09-30,False,Q3,2016,10-Q,10633000000.0,2271000000.0,1046000000.0,0.24,0.24,0.35,93927000000.0,37956000000.0,27792000000.0,11147000000.0,26245000000.0,6723000000.0,-1333000000.0,-1783000000.0
CL,2016-09-30,False,Q3,2016,10-Q,3867000000.0,1071000000.0,702000000.0,0.79,0.78,0.39,12623000000.0,4764000000.0,4655000000.0,1298000000.0,228000000.0,2317000000.0,-445000000.0,-1547000000.0
CFX,2016-09-30,False,Q3,2016,10-Q,879204000.0,50520000.0,27970000.0,0.23,0.23,0.0,6542392000.0,1803241000.0,1074847000.0,191660000.0,3168659000.0,101854000.0,-41671000.0,-73142000.0
CMCSA,2016-09-30,False,Q3,2016,10-Q,21319000000.0,4440000000.0,2237000000.0,0.93,0.92,0.275,177924000000.0,15228000000.0,18038000000.0,2807000000.0,55823000000.0,13497000000.0,-14152000000.0,1167000000.0
FIX,2016-09-30,False,Q3,2016,10-Q,428760000.0,31950000.0,20471000.0,0.55,0.54,0.07,717742000.0,422864000.0,313698000.0,25337000.0,364980000.0,49754000.0,-74920000.0,-5961000.0
CXP,2016-09-30,False,Q3,2016,10-Q,113266000.0,22692000.0,36821000.0,0.3,0.3,0.3,4319925000.0,,,190856000.0,2531665000.0,149704000.0,415578000.0,-407071000.0
CLGX,2016-09-30,False,Q3,2016,10-Q,523896000.0,84824000.0,35066000.0,0.4,0.39,0.0,4011575000.0,445607000.0,655881000.0,79015000.0,1080619000.0,316806000.0,-476111000.0,140120000.0
COR,2016-09-30,False,Q3,2016,10-Q,101274000.0,22505000.0,12180000.0,0.36,0.36,0.0,1359992000.0,,,6296000.0,609161000.0,122889000.0,-242525000.0,119078000.0
GLW,2016-09-30,False,Q3,2016,10-Q,2507000000.0,535000000.0,260000000.0,0.27,0.26,0.135,28809000000.0,8479000000.0,2294000000.0,4821000000.0,17787000000.0,1095000000.0,3956000000.0,-4858000000.0
CVA,2016-09-30,False,Q3,2016,10-Q,421000000.0,60000000.0,54000000.0,0.42,0.42,0.25,4275000000.0,547000000.0,318000000.0,113000000.0,500000000.0,146000000.0,-178000000.0,48000000.0
CRY,2016-09-30,False,Q3,2016,10-Q,45252000.0,5476000.0,2935000.0,0.09,0.09,0.0,308857000.0,142095000.0,24758000.0,54131000.0,204162000.0,14674000.0,-71106000.0,73393000.0
CW,2016-09-30,False,Q3,2016,10-Q,507092000.0,76573000.0,45932000.0,1.04,1.02,0.13,3013984000.0,1363133000.0,488015000.0,452053000.0,1287015000.0,267212000.0,-24191000.0,-67668000.0
CFR,2016-09-30,False,Q3,2016,10-Q,276621000.0,,78203000.0,1.24,1.24,0.0,29602912000.0,,,3995388000.0,3161796000.0,334974000.0,-547105000.0,615996000.0
UAN,2016-09-30,False,Q3,2016,10-Q,78474000.0,2384000.0,-13430000.0,-0.12,-0.12,0.0,1326857000.0,139886000.0,61652000.0,65296000.0,,47509000.0,-82137000.0,49957000.0
CYS,2016-09-30,False,Q3,2016,10-Q,,,73807000.0,0.49,0.49,0.25,11934120000.0,,,2192000.0,1757985000.0,148745000.0,1408972000.0,-1565507000.0
DFS,2016-09-30,False,Q3,2016,10-Q,2660000000.0,,630000000.0,1.56,1.56,0.3,90541000000.0,,,12076000000.0,11347000000.0,3133000000.0,-2603000000.0,1974000000.0
LPG,2016-09-30,False,Q2,2017,10-Q,33611233.0,-4210840.0,-7145588.0,-0.13,-0.13,0.0,1786002314.0,80637311.0,84124463.0,43581900.0,966798705.0,44749852.0,-1354826.0,-46229501.0
DPS,2016-09-30,False,Q3,2016,10-Q,1680000000.0,373000000.0,240000000.0,1.3,1.29,0.53,8673000000.0,1602000000.0,1483000000.0,620000000.0,2129000000.0,683000000.0,-119000000.0,-854000000.0
DOW,2016-09-30,False,Q3,2016,10-Q,12483000000.0,,719000000.0,0.64,0.63,0.46,80624000000.0,24778000000.0,12655000000.0,7032000000.0,30349000000.0,3615000000.0,-2498000000.0,-2688000000.0
DTE,2016-09-30,False,Q3,2016,10-Q,2928000000.0,507000000.0,338000000.0,1.88,1.88,0.77,29462000000.0,2595000000.0,1969000000.0,66000000.0,9149000000.0,1767000000.0,-1503000000.0,-235000000.0
DRQ,2016-09-30,False,Q3,2016,10-Q,123640000.0,22933000.0,19013000.0,0.51,0.51,0.0,1462060000.0,1158052000.0,86784000.0,542630000.0,1372395000.0,221494000.0,-20008000.0,-23240000.0
DFT,2016-09-30,False,Q3,2016,10-Q,134326000.0,56380000.0,28524000.0,0.38,0.37,0.47,2964800000.0,,,61821000.0,993129000.0,197866000.0,-142276000.0,-24999000.0
EW,2016-09-30,False,Q3,2016,10-Q,739400000.0,,141400000.0,0.66,0.65,0.0,4339000000.0,2171400000.0,,645000000.0,2691800000.0,503300000.0,-291900000.0,-273600000.0
EME,2016-09-30,False,Q3,2016,10-Q,1923174000.0,86064000.0,51531000.0,0.84,0.84,0.08,3894953000.0,2247116000.0,1446836000.0,504558000.0,1583892000.0,128924000.0,-260339000.0,154341000.0
EIG,2016-09-30,False,Q3,2016,10-Q,192800000.0,,22600000.0,0.7,0.69,0.09,3824300000.0,,,84100000.0,850100000.0,97000000.0,-49100000.0,-20400000.0
ESV,2016-09-30,False,Q3,2016,10-Q,1096400000.0,115400000.0,85300000.0,0.28,0.28,0.01,13602300000.0,2465700000.0,590200000.0,465400000.0,7981000000.0,994800000.0,-369800000.0,-287700000.0
EPE,2016-09-30,False,Q3,2016,10-Q,255000000.0,6000000.0,-43000000.0,-0.18,-0.18,0.0,4937000000.0,411000000.0,348000000.0,40000000.0,744000000.0,658000000.0,-9000000.0,-635000000.0
EQT,2016-09-30,False,Q3,2016,10-Q,556726000.0,108457000.0,-8016000.0,-0.05,-0.05,0.03,14889984000.0,2146069000.0,618626000.0,1757414000.0,9274279000.0,767699000.0,-1669433000.0,1057916000.0
EQM,2016-09-30,False,Q3,2016,10-Q,170836000.0,120775000.0,53158000.0,0.2,0.2,0.0,2828964000.0,94752000.0,196180000.0,263000.0,1928151000.0,368377000.0,-494130000.0,-224799000.0
EQM,2016-09-30,False,Q3,2016,10-Q,170836000.0,121351000.0,126568000.0,1.23,1.23,0.0,2829492000.0,95563000.0,196141000.0,0.0,,,-494130000.0,-227037000.0
ELS,2016-09-30,False,Q3,2016,10-Q,226165000.0,77628000.0,40998000.0,0.48,0.48,0.425,3470383000.0,,,68812000.0,1074614000.0,274582000.0,-166073000.0,-119955000.0
EFX,2016-09-30,False,Q3,2016,10-Q,804100000.0,212100000.0,132800000.0,1.11,1.09,0.33,6806600000.0,661800000.0,1297700000.0,111500000.0,2787400000.0,524500000.0,-1934200000.0,1392400000.0
ETH,2016-09-30,False,Q1,2017,10-Q,193287000.0,18337000.0,11529000.0,0.42,0.41,0.0,591593000.0,262958000.0,134696000.0,69254000.0,395792000.0,27516000.0,-5622000.0,-5261000.0
EVER,2016-09-30,False,Q3,2016,10-Q,0.0,,34599000.0,0.28,0.27,0.06,28703045000.0,,,54380000.0,1895556000.0,-87298000.0,-1965210000.0,2058721000.0
EXC,2016-09-30,False,Q3,2016,10-Q,9002000000.0,1267000000.0,490000000.0,0.53,0.53,0.318,114535000000.0,12208000000.0,12158000000.0,1897000000.0,27460000000.0,7363000000.0,-13219000000.0,1251000000.0
FPO,2016-09-30,False,Q3,2016,10-Q,40172000.0,7877000.0,1554000.0,0.03,0.03,0.0,1270670000.0,,,14767000.0,444823000.0,46370000.0,128648000.0,-173778000.0
FLS,2016-09-30,False,Q3,2016,10-Q,943334000.0,-2806000.0,-20928000.0,-0.16,-0.16,0.19,4853602000.0,2382880000.0,1201739000.0,260870000.0,1713540000.0,58193000.0,-68907000.0,-101514000.0
FTI,2016-09-30,False,Q3,2016,10-Q,1091200000.0,102500000.0,32300000.0,0.14,0.14,0.0,5963700000.0,3502300000.0,1646000000.0,1074200000.0,2693900000.0,227300000.0,-120200000.0,29400000.0
F,2016-09-30,False,Q3,2016,10-Q,33331000000.0,,957000000.0,0.24,0.24,0.15,234963000000.0,103515000000.0,89188000000.0,13340000000.0,31499000000.0,5160000000.0,-18058000000.0,168000000.0
FCN,2016-09-30,False,Q3,2016,10-Q,438042000.0,35074000.0,21691000.0,0.53,0.52,0.0,2341618000.0,864066000.0,365529000.0,225184000.0,1231585000.0,111575000.0,-22837000.0,-6346000.0
GD,2016-10-02,False,Q3,2016,10-Q,7731000000.0,1069000000.0,683000000.0,2.25,2.21,0.76,32668000000.0,15297000000.0,11893000000.0,2303000000.0,11317000000.0,91000000.0,-282000000.0,-91000000.0
GTY,2016-09-30,False,Q3,2016,10-Q,28511000.0,12737000.0,8804000.0,0.27,0.27,0.0,871071000.0,,,10187000.0,419835000.0,32951000.0,17937000.0,-44643000.0
GNC,2016-09-30,False,Q3,2016,10-Q,627964000.0,64893000.0,32354000.0,0.47,0.47,0.2,2584648000.0,846040000.0,322859000.0,37203000.0,352579000.0,169747000.0,-6980000.0,-182527000.0
GPK,2016-09-30,False,Q3,2016,10-Q,1103700000.0,105100000.0,57800000.0,0.18,0.18,0.05,4722100000.0,1178500000.0,732000000.0,45700000.0,1108000000.0,394300000.0,-594400000.0,190100000.0
GHL,2016-09-30,False,Q3,2016,10-Q,76578000.0,,13110000.0,0.41,0.41,0.45,427284000.0,,,55819000.0,282197000.0,59399000.0,-1332000.0,-66691000.0
HIG,2016-09-30,False,Q3,2016,10-Q,4695000000.0,,438000000.0,1.14,1.12,0.21,228430000000.0,,,810000000.0,987000000.0,1405000000.0,945000000.0,-1967000000.0
HTA,2016-09-30,False,Q3,2016,10-Q,118340000.0,25176000.0,6427000.0,0.05,0.04,0.3,3715890000.0,,,17938000.0,1803253000.0,148257000.0,-541080000.0,397691000.0
HT,2016-09-30,False,Q3,2016,10-Q,120607000.0,21356000.0,3577000.0,0.08,0.08,0.0,2016368000.0,,,135960000.0,798406000.0,78245000.0,185372000.0,-155612000.0
HLT,2016-09-30,False,Q3,2016,10-Q,2942000000.0,493000000.0,187000000.0,0.19,0.19,0.07,25871000000.0,3024000000.0,2598000000.0,859000000.0,6491000000.0,936000000.0,-332000000.0,-361000000.0
HTH,2016-09-30,False,Q3,2016,10-Q,469721000.0,,51932000.0,0.53,0.53,0.0,12423276000.0,,,528519000.0,1849368000.0,-240574000.0,-362863000.0,502930000.0
HUBB,2016-09-30,False,Q3,2016,10-Q,907400000.0,136000000.0,86700000.0,1.56,1.56,0.63,3491100000.0,1521700000.0,577500000.0,364500000.0,1634600000.0,260700000.0,-219100000.0,-6000000.0
ITW,2016-09-30,False,Q3,2016,10-Q,3495000000.0,808000000.0,535000000.0,1.51,1.5,0.65,15709000000.0,6185000000.0,3486000000.0,2299000000.0,4793000000.0,1638000000.0,-637000000.0,-1799000000.0
ICD,2016-09-30,False,Q3,2016,10-Q,14464000.0,-6710000.0,-7198000.0,-0.19,-0.19,0.0,305129000.0,22457000.0,14628000.0,7912000.0,266778000.0,16652000.0,-16279000.0,2195000.0
IDA,2016-09-30,False,Q3,2016,10-Q,372045000.0,97928000.0,83100000.0,1.65,1.65,0.51,6129109000.0,459889000.0,205291000.0,100796000.0,2152662000.0,275417000.0,-197543000.0,-91880000.0
IM,2016-10-01,False,Q3,2016,10-Q,10226826000.0,137064000.0,78523000.0,0.52,0.52,0.0,12293941000.0,10354952000.0,7198137000.0,689076000.0,4140792000.0,-136900000.0,-219756000.0,96802000.0
IR,2016-09-30,False,Q3,2016,10-Q,3567800000.0,503700000.0,377400000.0,1.45,1.44,0.32,17719900000.0,5714500000.0,3703400000.0,1504600000.0,6831100000.0,1102400000.0,288400000.0,-631600000.0
IPG,2016-09-30,False,Q3,2016,10-Q,1922200000.0,207200000.0,128600000.0,0.32,0.32,0.15,11839500000.0,6733200000.0,6815100000.0,891600000.0,1975500000.0,-34800000.0,-168200000.0,-459000000.0
IVZ,2016-09-30,False,Q3,2016,10-Q,1201600000.0,306300000.0,241200000.0,0.58,0.58,0.28,24137700000.0,,,1581300000.0,7824300000.0,542100000.0,-751800000.0,16500000.0
LRN,2016-09-30,False,Q1,2017,10-Q,229138000.0,-22669000.0,-13833000.0,-0.36,-0.36,0.0,760965000.0,472266000.0,147758000.0,135088000.0,543744000.0,-59930000.0,-14028000.0,-4935000.0
KAMN,2016-09-30,False,Q3,2016,10-Q,453474000.0,31062000.0,17455000.0,0.64,0.62,0.18,1442077000.0,701479000.0,361366000.0,25551000.0,579362000.0,70016000.0,-30809000.0,-29746000.0
KRA,2016-09-30,False,Q3,2016,10-Q,454143000.0,50817000.0,15231000.0,0.5,0.49,0.0,2918693000.0,764111000.0,329932000.0,143548000.0,534728000.0,126129000.0,-1323873000.0,1265952000.0
SCX,2016-09-30,False,Q1,2017,10-Q,48913000.0,-1850000.0,759000.0,0.11,0.11,0.1,198912000.0,115493000.0,20169000.0,21307000.0,90924000.0,491000.0,2249000.0,-1039000.0
LLL,2016-09-23,False,Q3,2016,10-Q,2505000000.0,215000000.0,148000000.0,1.91,1.88,0.7,11811000000.0,4009000000.0,2750000000.0,411000000.0,4640000000.0,579000000.0,430000000.0,-746000000.0
LEA,2016-10-01,False,Q3,2016,10-Q,4526400000.0,,214400000.0,3.01,2.98,0.3,10277400000.0,6053800000.0,4483300000.0,1341600000.0,3243000000.0,1093900000.0,-248500000.0,-699400000.0
LNKD,2016-09-30,False,Q3,2016,10-Q,959787000.0,23045000.0,8559000.0,0.06,0.06,0.0,7556412000.0,4103013000.0,1260071000.0,697113000.0,4873819000.0,957887000.0,-847768000.0,40006000.0
LMT,2016-09-25,False,Q3,2016,10-Q,11551000000.0,1588000000.0,2395000000.0,8.02,7.93,1.82,48739000000.0,17110000000.0,14425000000.0,2895000000.0,2430000000.0,4460000000.0,-551000000.0,-2104000000.0
MTRN,2016-09-30,False,Q3,2016,10-Q,21552000.0,10151000.0,8045000.0,0.4,0.4,0.095,748117000.0,358716000.0,98659000.0,15806000.0,499950000.0,26354000.0,-27620000.0,-7688000.0
MCK,2016-09-30,False,Q2,2017,10-Q,49957000000.0,580000000.0,307000000.0,1.36,1.34,0.28,58315000000.0,41338000000.0,37051000000.0,5464000000.0,9623000000.0,2928000000.0,-1346000000.0,-114000000.0
MJN,2016-09-30,False,Q3,2016,10-Q,937500000.0,,148700000.0,0.8,0.8,0.4125,4193700000.0,2805700000.0,1250000000.0,1843200000.0,-438700000.0,510700000.0,-110000000.0,-225900000.0
MDP,2016-09-30,False,Q1,2017,10-Q,399879000.0,60762000.0,33973000.0,0.76,0.75,0.495,2636680000.0,501715000.0,475165000.0,32128000.0,904441000.0,35360000.0,-2232000.0,-25970000.0
MD,2016-09-30,False,Q3,2016,10-Q,828006000.0,156891000.0,96509000.0,1.04,1.04,0.0,5343864000.0,575457000.0,413033000.0,52805000.0,2667337000.0,312830000.0,-771909000.0,460312000.0
MOH,2016-09-30,False,Q3,2016,10-Q,4546000000.0,118000000.0,42000000.0,0.77,0.76,0.0,7570000000.0,6113000000.0,4665000000.0,2842000000.0,1691000000.0,633000000.0,-131000000.0,11000000.0
MLI,2016-10-01,False,Q3,2016,10-Q,506584000.0,37487000.0,25978000.0,0.46,0.45,0.1,1426121000.0,873594000.0,202200000.0,297793000.0,936604000.0,70586000.0,-29687000.0,-14439000.0
NEFF,2016-09-30,False,Q3,2016,10-Q,105467000.0,26930000.0,2864000.0,0.32,0.31,0.0,673172000.0,,,839000.0,-150167000.0,110982000.0,-101332000.0,-9100000.0
N,2016-09-30,False,Q3,2016,10-Q,243915000.0,-28845000.0,-34144000.0,-0.42,-0.42,0.0,1232476000.0,736349000.0,581785000.0,379206000.0,330211000.0,129989000.0,-64413000.0,26873000.0
NSR,2016-09-30,False,Q3,2016,10-Q,300081000.0,67151000.0,53031000.0,0.97,0.96,0.0,2132154000.0,351143000.0,334577000.0,56199000.0,867460000.0,208702000.0,-38018000.0,-204040000.0
NEWM,2016-09-25,False,Q3,2016,10-Q,306837000.0,10628000.0,2795000.0,0.06,0.06,0.33,1189028000.0,235501000.0,184094000.0,54520000.0,621537000.0,67312000.0,-112209000.0,-47221000.0
NEM,2016-09-30,False,Q3,2016,10-Q,1791000000.0,,-358000000.0,-0.67,-0.67,0.025,24081000000.0,7113000000.0,2536000000.0,2099000000.0,14109000000.0,2153000000.0,-702000000.0,-1245000000.0
NEU,2016-09-30,False,Q3,2016,10-Q,516090000.0,101838000.0,71449000.0,6.03,6.03,1.6,1403385000.0,849147000.0,268093000.0,187908000.0,476963000.0,259490000.0,-102193000.0,-60769000.0
NSC,2016-09-30,False,Q3,2016,10-Q,2524000000.0,820000000.0,457000000.0,1.56,1.55,0.59,34632000000.0,2317000000.0,2232000000.0,984000000.0,12396000000.0,2312000000.0,-1330000000.0,-1099000000.0
NOC,2016-09-30,False,Q3,2016,10-Q,6155000000.0,826000000.0,602000000.0,3.38,3.35,0.0,24100000000.0,5771000000.0,5106000000.0,1103000000.0,5767000000.0,1282000000.0,-605000000.0,-1893000000.0
OCN,2016-09-30,False,Q3,2016,10-Q,359448000.0,,9391000.0,0.08,0.08,0.0,7585450000.0,,,263534000.0,663387000.0,350420000.0,-572201000.0,228043000.0
OI,2016-09-30,False,Q3,2016,10-Q,1712000000.0,,108000000.0,0.66,0.66,0.0,9497000000.0,2442000000.0,2033000000.0,294000000.0,515000000.0,220000000.0,-282000000.0,-39000000.0
OC,2016-09-30,False,Q3,2016,10-Q,1068000000.0,,112000000.0,0.98,0.97,0.18,7876000000.0,1702000000.0,1003000000.0,110000000.0,3935000000.0,679000000.0,-729000000.0,63000000.0
PEB,2016-09-30,False,Q3,2016,10-Q,208963000.0,35343000.0,-43897000.0,-0.61,-0.61,0.38,2955429000.0,,,46626000.0,1604535000.0,185607000.0,12839000.0,-178165000.0
PAG,2016-09-30,False,Q3,2016,10-Q,5152000000.0,141500000.0,87500000.0,1.03,1.03,0.28,8559400000.0,4335800000.0,4162800000.0,89400000.0,1788700000.0,457200000.0,-785700000.0,371800000.0
CIK,2016-09-25,False,Q3,2016,10-Q,758821000.0,118268000.0,52353000.0,0.45,0.44,0.285,6617358000.0,1033260000.0,517615000.0,164928000.0,1876874000.0,239942000.0,-1061988000.0,806173000.0
POR,2016-09-30,False,Q3,2016,10-Q,484000000.0,64000000.0,34000000.0,0.38,0.38,0.32,7455000000.0,476000000.0,448000000.0,88000000.0,2310000000.0,497000000.0,-454000000.0,41000000.0
PII,2016-09-30,False,Q3,2016,10-Q,1185067000.0,57389000.0,32312000.0,0.5,0.5,0.55,2470325000.0,1149671000.0,986078000.0,122696000.0,928331000.0,426244000.0,-187828000.0,-271098000.0
POL,2016-09-30,False,Q3,2016,10-Q,843600000.0,71200000.0,42300000.0,0.5,0.5,0.12,2749800000.0,1001600000.0,527500000.0,212200000.0,756300000.0,126800000.0,-206500000.0,13400000.0
PX,2016-09-30,False,Q3,2016,10-Q,2716000000.0,497000000.0,339000000.0,1.19,1.18,0.75,19886000000.0,3262000000.0,2434000000.0,627000000.0,5638000000.0,2047000000.0,-1360000000.0,-232000000.0
QEP,2016-09-30,False,Q3,2016,10-Q,382400000.0,-93600000.0,-50900000.0,-0.21,-0.21,0.0,7275200000.0,1209000000.0,371200000.0,1032200000.0,3635100000.0,532900000.0,-452200000.0,575400000.0
KWR,2016-09-30,False,Q3,2016,10-Q,190428000.0,21339000.0,15878000.0,1.21,1.21,0.345,697471000.0,394113000.0,124761000.0,99024000.0,413698000.0,52977000.0,-8692000.0,-25522000.0
O,2016-09-30,False,Q3,2016,10-Q,277174000.0,,70302000.0,0.27,0.27,0.0,12536453000.0,,,11586000.0,6770497000.0,579210000.0,-973369000.0,383666000.0
RTN,2016-10-02,False,Q3,2016,10-Q,6033000000.0,806000000.0,529000000.0,1.79,1.79,0.0,29452000000.0,10155000000.0,6001000000.0,2342000000.0,10467000000.0,1711000000.0,-82000000.0,-1615000000.0
RGS,2016-09-30,False,Q1,2017,10-Q,431042000.0,7715000.0,3281000.0,0.07,0.07,0.0,1025913000.0,356099000.0,181788000.0,148531000.0,521018000.0,12330000.0,-9637000.0,-1054000.0
RMD,2016-09-30,False,Q1,2017,10-Q,465450000.0,94146000.0,76107000.0,0.54,0.54,0.33,3322264000.0,1474852000.0,620555000.0,781658000.0,1772568000.0,86243000.0,-13169000.0,-40048000.0
RM,2016-09-30,False,Q3,2016,10-Q,62475000.0,,6476000.0,0.57,0.56,0.0,691329000.0,,,3959000.0,200098000.0,66594000.0,-114769000.0,44480000.0
RSG,2016-09-30,False,Q3,2016,10-Q,2409300000.0,417900000.0,85600000.0,0.25,0.25,0.32,20661700000.0,1301600000.0,1817900000.0,55000000.0,7641500000.0,1359600000.0,-752400000.0,-584600000.0
SC,2015-03-31,True,Q1,2015,10-Q,1431978000.0,,242445000.0,0.69,0.68,0.0,34581338000.0,,,26952000.0,3771543000.0,1235530000.0,-3148265000.0,1906530000.0
SC,2015-06-30,True,Q2,2015,10-Q,1534246000.0,,364715000.0,1.03,1.02,0.0,36079510000.0,,,28886000.0,4245763000.0,1839321000.0,-4720351000.0,2876759000.0
SC,2015-09-30,True,Q3,2015,10-Q,1561630000.0,,236435000.0,0.66,0.66,0.0,36035625000.0,,,104552000.0,4451984000.0,2684236000.0,-6285026000.0,3672185000.0
SC,2016-03-31,True,Q1,2016,10-Q,1619899000.0,,208299000.0,0.58,0.58,0.0,37768959000.0,,,42047000.0,4604739000.0,657138000.0,-1763576000.0,1129592000.0
SLB,2016-09-30,False,Q3,2016,10-Q,7019000000.0,815000000.0,176000000.0,0.13,0.13,0.0,80594000000.0,26425000000.0,14972000000.0,3441000000.0,42574000000.0,4248000000.0,-592000000.0,-3039000000.0
SC,2015-12-31,True,FY,2015,10-K,6087784000.0,,824040000.0,2.32,2.31,0.0,36448958000.0,,,18893000.0,4432549000.0,3909706000.0,-7715212000.0,3791242000.0
SC,2016-06-30,False,Q2,2016,10-Q,1643989000.0,,283345000.0,0.79,0.79,0.0,38490611000.0,,,78049000.0,4876712000.0,1316026000.0,-2718213000.0,1461343000.0
SHLM,2016-08-31,False,FY,2016,10-K,2496005000.0,-309240000.0,-364622000.0,-12.44,-12.44,0.82,1757681000.0,724069000.0,429765000.0,35260000.0,168360000.0,148127000.0,-58015000.0,-147236000.0
CKH,2016-09-30,False,Q3,2016,10-Q,206983000.0,-33016000.0,-39803000.0,-2.35,-2.35,0.0,2954133000.0,759618000.0,194584000.0,471180000.0,1281482000.0,60242000.0,-64496000.0,-53137000.0
SIGI,2016-09-30,False,Q3,2016,10-Q,581691000.0,,38502000.0,0.66,0.66,0.15,7363233000.0,,,1493000.0,1574904000.0,177474000.0,-184992000.0,8113000.0
SCI,2016-09-30,False,Q3,2016,10-Q,721467000.0,114386000.0,47727000.0,0.25,0.24,0.13,12051476000.0,344850000.0,537841000.0,177571000.0,1089698000.0,358510000.0,-179140000.0,-140336000.0
SHW,2016-09-30,False,Q3,2016,10-Q,3279462000.0,674499000.0,386733000.0,4.2,4.08,0.84,6917771000.0,3708231000.0,2515807000.0,702569000.0,1597783000.0,966534000.0,-236699000.0,-235706000.0
AMD,2016-09-24,False,Q3,2016,10-Q,1307000000.0,-293000000.0,-406000000.0,-0.5,-0.5,0.0,3616000000.0,2824000000.0,1473000000.0,1258000000.0,385000000.0,-98000000.0,293000000.0,278000000.0
ALDR,2016-09-30,False,Q3,2016,10-Q,0.0,-35730000.0,-35134000.0,-0.7,-0.7,0.0,443603000.0,428007000.0,16751000.0,170632000.0,426736000.0,-108155000.0,-63888000.0,136162000.0
SIX,2016-09-30,False,Q3,2016,10-Q,557599000.0,,102482000.0,1.11,1.09,0.58,2648792000.0,432548000.0,308297000.0,238757000.0,-18400000.0,374754000.0,-99639000.0,-132768000.0
ASPS,2016-09-30,False,Q3,2016,10-Q,252745000.0,24857000.0,10589000.0,0.57,0.54,0.0,693332000.0,313629000.0,132079000.0,134948000.0,78774000.0,106035000.0,-74095000.0,-76319000.0
AIMC,2016-09-30,False,Q3,2016,10-Q,173132000.0,10369000.0,5313000.0,0.21,0.2,0.15,620458000.0,283741000.0,104998000.0,39765000.0,250875000.0,46894000.0,-15684000.0,-41943000.0
AMZN,2016-09-30,False,Q3,2016,10-Q,32714000000.0,575000000.0,252000000.0,0.53,0.52,0.0,70897000000.0,35609000000.0,33498000000.0,13656000000.0,17782000000.0,4486000000.0,-2570000000.0,-827000000.0
SPN,2016-09-30,False,Q3,2016,10-Q,326225000.0,-141994000.0,-117998000.0,-0.75,-0.75,0.0,3643820000.0,800286000.0,352786000.0,278155000.0,1513733000.0,146675000.0,-67833000.0,-357772000.0
AAPL,2016-09-24,False,FY,2016,10-K,215639000000.0,60024000000.0,45687000000.0,8.35,8.31,2.18,321686000000.0,106869000000.0,79006000000.0,20484000000.0,128249000000.0,65824000000.0,-45977000000.0,-20483000000.0
SYF,2016-09-30,False,Q3,2016,10-Q,84000000.0,,604000000.0,0.73,0.73,0.13,87159000000.0,,,13588000000.0,13981000000.0,4787000000.0,-5151000000.0,1627000000.0
TDOC,2016-09-30,False,Q3,2016,10-Q,32381000.0,-20257000.0,-29772000.0,-0.65,-0.65,0.0,313268000.0,91232000.0,20299000.0,44032000.0,242300000.0,-43750000.0,12434000.0,20282000.0
TFX,2016-09-25,False,Q3,2016,10-Q,455648000.0,86487000.0,66322000.0,1.51,1.4,0.34,4001669000.0,1163872000.0,452402000.0,499459000.0,2169922000.0,301598000.0,-40160000.0,-97906000.0
TXT,2016-10-01,False,Q3,2016,10-Q,3231000000.0,,421000000.0,1.56,1.55,0.02,15167000000.0,6867000000.0,3620000000.0,739000000.0,5651000000.0,143000000.0,-392000000.0,-14000000.0
AZPN,2016-09-30,False,Q1,2017,10-Q,120050000.0,54730000.0,35000000.0,0.44,0.44,0.0,289944000.0,225664000.0,411665000.0,48377000.0,-183585000.0,26250000.0,-146913000.0,-149245000.0
AWRE,2016-09-30,False,Q3,2016,10-Q,5899000.0,2313000.0,1573000.0,0.07,0.07,0.0,63729000.0,56914000.0,4842000.0,52266000.0,58645000.0,2694000.0,-82000.0,-1578000.0
TKR,2016-09-30,False,Q3,2016,10-Q,657400000.0,42400000.0,20600000.0,0.26,0.26,0.26,2819200000.0,1226800000.0,450500000.0,129000000.0,1366200000.0,277100000.0,-143300000.0,-138100000.0
TMST,2016-09-30,False,Q3,2016,10-Q,213800000.0,-22500000.0,-16600000.0,-0.38,-0.38,0.0,1078100000.0,293000000.0,115900000.0,23300000.0,659800000.0,55500000.0,-26100000.0,-48500000.0
BFIN,2016-09-30,False,Q3,2016,10-Q,14482000.0,,2508000.0,0.13,0.13,0.0,1540273000.0,,,9499000.0,203667000.0,12852000.0,6167000.0,22134000.0
TRN,2016-09-30,False,Q3,2016,10-Q,1111700000.0,183600000.0,82000000.0,0.55,0.55,0.11,9135600000.0,,,557800000.0,4254400000.0,792100000.0,-805500000.0,-214800000.0
TPH,2016-09-30,False,Q3,2016,10-Q,582029000.0,54032000.0,34834000.0,0.22,0.22,0.0,3489903000.0,,,128715000.0,1808358000.0,-261307000.0,-2088000.0,177625000.0
TYL,2016-09-30,False,Q3,2016,10-Q,194497000.0,36945000.0,22264000.0,0.61,0.58,0.0,1352766000.0,277327000.0,348492000.0,23314000.0,882255000.0,121238000.0,-42846000.0,-88165000.0
UNF,2016-08-27,False,FY,2016,10-K,1468046000.0,201160000.0,125026000.0,11.719999999999999,6.17,0.15,1702007000.0,777614000.0,152635000.0,363795000.0,1364781000.0,207636000.0,-114669000.0,-5644000.0
UDR,2016-09-30,False,Q3,2016,10-Q,205190000.0,45751000.0,26027000.0,0.1,0.1,0.295,7651169000.0,,,3301000.0,2925998000.0,383122000.0,-271602000.0,-114961000.0
BCOR,2016-09-30,False,Q3,2016,10-Q,83237000.0,-10508000.0,-54119000.0,-1.3,-1.3,0.0,1114288000.0,179975000.0,82546000.0,71165000.0,451505000.0,70095000.0,2225000.0,-103202000.0
BIIB,2016-09-30,False,Q3,2016,10-Q,2955800000.0,1425300000.0,1032900000.0,4.72,4.71,0.0,22104900000.0,8091800000.0,2499700000.0,2084800000.0,12114800000.0,2945800000.0,-1903100000.0,-266600000.0
BOFI,2016-09-30,False,Q1,2017,10-Q,102212000.0,,28820000.0,0.45,0.45,0.0,7855043000.0,,,599054000.0,721859000.0,65459000.0,-160744000.0,207612000.0
UTX,2016-09-30,False,Q3,2016,10-Q,14354000000.0,2251000000.0,1480000000.0,1.8,1.78,0.0,90062000000.0,28548000000.0,22541000000.0,7107000000.0,30764000000.0,29000000.0,-1849000000.0,-29000000.0
UNM,2016-09-30,False,Q3,2016,10-Q,2763300000.0,,236000000.0,1.01,1.01,0.0,63905100000.0,,,87900000.0,450700000.0,754900000.0,-520600000.0,-259300000.0
VMI,2016-09-24,False,Q3,2016,10-Q,610247000.0,53240000.0,28173000.0,1.25,1.24,0.375,2384043000.0,1274265000.0,359925000.0,349375000.0,1002301000.0,127254000.0,-41119000.0,-82356000.0
VNTV,2016-09-30,False,Q3,2016,10-Q,914019000.0,158435000.0,66296000.0,0.43,0.41,0.0,6349185000.0,1184603000.0,1411277000.0,183818000.0,1572214000.0,430395000.0,-117524000.0,-326149000.0
VZ,2016-09-30,False,Q3,2016,10-Q,30937000000.0,6540000000.0,3620000000.0,0.89,0.89,0.5775,239498000000.0,25621000000.0,30298000000.0,6441000000.0,21983000000.0,17629000000.0,-2539000000.0,-13119000000.0
VC,2016-09-30,False,Q3,2016,10-Q,770000000.0,,28000000.0,0.83,0.81,0.0,2373000000.0,1727000000.0,869000000.0,850000000.0,794000000.0,38000000.0,339000000.0,-2260000000.0
VG,2016-09-30,False,Q3,2016,10-Q,248359000.0,15029000.0,9078000.0,0.04,0.04,0.0,955288000.0,124763000.0,186279000.0,33236000.0,440734000.0,65255000.0,-187897000.0,97623000.0
GWW,2016-09-30,False,Q3,2016,10-Q,2596288000.0,322587000.0,184241000.0,3.07,3.05,1.22,5885509000.0,3129192000.0,1536311000.0,285981000.0,2161036000.0,670383000.0,-185396000.0,-499901000.0
WM,2016-09-30,False,Q3,2016,10-Q,3548000000.0,560000000.0,302000000.0,0.68,0.68,0.41,20756000000.0,2293000000.0,2664000000.0,30000000.0,5383000000.0,2207000000.0,-1550000000.0,-666000000.0
CEMP,2016-09-30,False,Q3,2016,10-Q,3972000.0,-32145000.0,-32312000.0,-0.62,-0.62,0.0,254445000.0,254240000.0,24967000.0,248917000.0,207852000.0,-71252000.0,-9000.0,166413000.0
CELG,2016-09-30,False,Q3,2016,10-Q,2982800000.0,411500000.0,50200000.0,0.22,0.21,0.0,26753700000.0,9575600000.0,2649400000.0,5522600000.0,5650300000.0,2633400000.0,-298000000.0,-1698200000.0
WHG,2016-09-30,False,Q3,2016,10-Q,31777000.0,,5887000.0,0.74,0.72,0.57,169698000.0,105706000.0,25483000.0,30692000.0,140852000.0,38997000.0,-1680000.0,-30177000.0
WLL,2016-09-30,False,Q3,2016,10-Q,129225000.0,,-693052000.0,-2.47,-2.47,0.0,10065744000.0,286638000.0,397944000.0,18329000.0,4604019000.0,358255000.0,-140852000.0,-215127000.0
INT,2016-09-30,False,Q3,2016,10-Q,7399800000.0,58200000.0,42700000.0,0.62,0.61,0.0,5152500000.0,3752500000.0,1948200000.0,872300000.0,1976800000.0,220300000.0,-259200000.0,325700000.0
WYN,2016-09-30,False,Q3,2016,10-Q,1573000000.0,336000000.0,196000000.0,1.79,1.78,0.5,9743000000.0,1843000000.0,1931000000.0,332000000.0,797000000.0,786000000.0,-172000000.0,-442000000.0
XRM,2016-09-30,False,Q3,2016,10-Q,119191000.0,11067000.0,-13339000.0,-0.83,-0.83,0.0,572562000.0,179366000.0,106086000.0,8380000.0,-109844000.0,21967000.0,-25745000.0,4193000.0
WWE,2016-09-30,False,Q3,2016,10-Q,164162000.0,18269000.0,11075000.0,0.15,0.14,0.12,427617000.0,167810000.0,133267000.0,11457000.0,220034000.0,19661000.0,-18573000.0,-27650000.0
GTLS,2016-09-30,False,Q3,2016,10-Q,203930000.0,20064000.0,15025000.0,0.49,0.48,0.0,1217865000.0,627742000.0,224600000.0,267276000.0,712331000.0,146592000.0,-13739000.0,8840000.0
CHDN,2016-09-30,False,Q3,2016,10-Q,0.0,26800000.0,8700000.0,0.52,0.52,0.0,2224700000.0,201200000.0,391000000.0,56900000.0,695400000.0,189000000.0,-46200000.0,-160000000.0
CRUS,2016-09-24,False,Q2,2017,10-Q,428619000.0,103937000.0,78065000.0,1.24,1.19,0.0,1345534000.0,695952000.0,190109000.0,113264000.0,969148000.0,32216000.0,-60746000.0,-26999000.0
CMCSA,2016-09-30,False,Q3,2016,10-Q,21319000000.0,4440000000.0,2237000000.0,0.93,0.92,0.275,177924000000.0,15228000000.0,18038000000.0,2807000000.0,55823000000.0,13497000000.0,-14152000000.0,1167000000.0
CVLT,2016-09-30,False,Q2,2017,10-Q,159333000.0,-757000.0,-562000.0,-0.01,-0.01,0.0,766475000.0,565974000.0,264867000.0,321794000.0,438540000.0,44286000.0,-20840000.0,12654000.0
CSGP,2016-09-30,False,Q3,2016,10-Q,212711000.0,39596000.0,23201000.0,0.72,0.72,0.0,2152587000.0,583443000.0,153459000.0,522099000.0,1618698000.0,143732000.0,-17435000.0,-25054000.0
DHIL,2016-09-30,False,Q3,2016,10-Q,32937241.0,15138563.0,13426564.0,3.93,3.93,0.0,184318492.0,,,63659780.0,143781760.0,8156488.0,2072549.0,-4044034.0
DORM,2016-09-24,False,Q3,2016,10-Q,212786000.0,41633000.0,26695000.0,0.77,0.77,0.0,668005000.0,512652000.0,83305000.0,95142000.0,579164000.0,55506000.0,-21085000.0,-17938000.0
BOOM,2016-09-30,False,Q3,2016,10-Q,36553000.0,-2442000.0,-3136000.0,-0.22,-0.22,0.02,166935000.0,72884000.0,29964000.0,7451000.0,118680000.0,17839000.0,-4008000.0,-12945000.0
ECHO,2016-09-30,False,Q3,2016,10-Q,460191903.0,6026809.0,2362050.0,0.08,0.08,0.0,789795855.0,291931891.0,181639063.0,34210795.0,371121703.0,55111562.0,-37248736.0,-40174225.0
ENTG,2016-10-01,False,Q3,2016,10-Q,296692000.0,34672000.0,21947000.0,0.16,0.15,0.0,1713592000.0,801032000.0,237677000.0,411777000.0,897203000.0,150476000.0,-46788000.0,-53504000.0
ESCA,2016-10-01,False,Q3,2016,10-Q,38793000.0,5329000.0,4243000.0,0.3,0.3,0.11,165278000.0,89668000.0,52159000.0,4306000.0,100640000.0,1912000.0,-9737000.0,10149000.0
ERIE,2016-09-30,False,Q3,2016,10-Q,418406000.0,82255000.0,57376000.0,186.23,186.09,0.73,1485015000.0,627750000.0,453258000.0,139813000.0,838929000.0,155551000.0,-96638000.0,-101989000.0
ESND,2016-09-30,False,Q3,2016,10-Q,1407504000.0,60328000.0,36742000.0,1.0,0.99,0.14,2236662000.0,1670141000.0,732967000.0,22647000.0,782633000.0,105968000.0,5723000.0,-119259000.0
EXAS,2016-09-30,False,Q3,2016,10-Q,28115000.0,-38284000.0,-37803000.0,-0.36,-0.36,0.0,403211000.0,359032000.0,30061000.0,63445000.0,362329000.0,-102937000.0,-20809000.0,146220000.0
EXPE,2016-09-30,False,Q3,2016,10-Q,2580905000.0,386152000.0,279331000.0,1.86,1.81,0.26,16131766000.0,3620294000.0,6619438000.0,1844475000.0,3952628000.0,1543678000.0,-588923000.0,-815297000.0
EXLS,2016-09-30,False,Q3,2016,10-Q,171200000.0,17359000.0,16050000.0,0.48,0.46,0.0,669022000.0,357981000.0,97384000.0,98374000.0,518219000.0,56042000.0,-126242000.0,-34235000.0
FDML,2016-09-30,False,Q3,2016,10-Q,1825000000.0,52000000.0,15000000.0,0.09,0.09,0.0,7317000000.0,3216000000.0,1830000000.0,330000000.0,991000000.0,394000000.0,-306000000.0,59000000.0
FISV,2016-09-30,False,Q3,2016,10-Q,1380000000.0,369000000.0,214000000.0,0.98,0.96,0.0,9637000000.0,1600000000.0,1548000000.0,303000000.0,2569000000.0,1042000000.0,-486000000.0,-528000000.0
FWRD,2016-09-30,False,Q3,2016,10-Q,249552000.0,24700000.0,11931000.0,0.39,0.39,0.12,641513000.0,143960000.0,91124000.0,11312000.0,495842000.0,94608000.0,-39403000.0,-77205000.0
GRMN,2016-09-24,False,Q3,2016,10-Q,722250000.0,159616000.0,125054000.0,0.66,0.66,0.0,4591906000.0,2247459000.0,919995000.0,912559000.0,3362229000.0,492366000.0,-75934000.0,-344161000.0
GOV,2016-09-30,False,Q3,2016,10-Q,64478000.0,15183000.0,11578000.0,0.16,0.16,0.0,2265070000.0,,,13749000.0,950740000.0,91674000.0,-94848000.0,8138000.0
GRPN,2016-09-30,False,Q3,2016,10-Q,720468000.0,-26685000.0,-37976000.0,-0.07,-0.07,0.0,1613541000.0,909074000.0,984468000.0,689747000.0,332156000.0,-171557000.0,-51719000.0,52868000.0
HEES,2016-09-30,False,Q3,2016,10-Q,244686000.0,33090000.0,11665000.0,0.33,0.33,0.275,1291825000.0,,,7034000.0,139412000.0,109403000.0,-104449000.0,-5079000.0
HSII,2016-09-30,False,Q3,2016,10-Q,148239000.0,12006000.0,6940000.0,0.37,0.37,0.13,553775000.0,258955000.0,190459000.0,99975000.0,265765000.0,-49014000.0,-24524000.0,-17579000.0
HBP,2016-09-30,False,Q3,2016,10-Q,192800000.0,7800000.0,4700000.0,0.19,0.19,0.0,226900000.0,171400000.0,81200000.0,1100000.0,70300000.0,9500000.0,-1500000.0,-7700000.0
IBTX,2016-09-30,False,Q3,2016,10-Q,57672000.0,,14277000.0,0.78,0.78,0.0,5667195000.0,,,150968000.0,643253000.0,60819000.0,-336594000.0,572096000.0
ISIG,2016-09-30,False,Q3,2016,10-Q,6469000.0,-38000.0,-167000.0,-0.01,-0.01,0.0,28362000.0,24738000.0,3299000.0,11412000.0,24049000.0,-2406000.0,5552000.0,-257000.0
IART,2016-09-30,False,Q3,2016,10-Q,250332000.0,30095000.0,20144000.0,0.54,0.5,0.0,1827424000.0,511877000.0,161397000.0,107598000.0,823427000.0,109876000.0,-21480000.0,-28879000.0
IDCC,2016-09-30,False,Q3,2016,10-Q,208307000.0,156718000.0,104466000.0,3.05,2.99,0.3,1442850000.0,974738000.0,238243000.0,187162000.0,615272000.0,197496000.0,-205309000.0,-315232000.0
IRDM,2016-09-30,False,Q3,2016,10-Q,112794000.0,49768000.0,27696000.0,0.29,0.26,0.0,3398220000.0,531199000.0,114688000.0,374006000.0,1318884000.0,164559000.0,-81366000.0,104660000.0
LTRX,2016-09-30,False,Q1,2017,10-Q,10940000.0,-87000.0,-104000.0,-0.01,-0.01,0.0,28469000.0,17441000.0,8207000.0,6097000.0,19815000.0,223000.0,-72000.0,-16000.0
LLNW,2016-09-30,False,Q3,2016,10-Q,39473000.0,-5745000.0,-6122000.0,-0.06,-0.06,0.0,212093000.0,102808000.0,40291000.0,74400000.0,138377000.0,10963000.0,23649000.0,-5087000.0
LOGI,2016-09-30,False,Q2,2017,10-Q,564304000.0,53411000.0,47045000.0,0.29,0.28,0.57,1416260000.0,944118000.0,547453000.0,395201000.0,716034000.0,87756000.0,-81485000.0,-128420000.0
LITE,2016-10-01,False,Q1,2017,10-Q,258100000.0,16800000.0,-3600000.0,-0.06,-0.06,0.0,737500000.0,489300000.0,163500000.0,166800000.0,495700000.0,36300000.0,-28900000.0,2300000.0
MCBC,2016-09-30,False,Q3,2016,10-Q,18197000.0,,4604000.0,0.14,0.14,0.03,1653686000.0,,,57751000.0,162245000.0,13658000.0,-45429000.0,-91954000.0
LOAN,2016-09-30,False,Q3,2016,10-Q,1169225.0,724541.0,724541.0,0.1,0.1,0.0,33087790.0,24746382.0,4679556.0,158519.0,23124675.0,2302951.0,-630799.0,-1620469.0
MAT,2016-09-30,False,Q3,2016,10-Q,1795575000.0,317396000.0,236250000.0,0.69,0.68,0.38,6648867000.0,3078805000.0,1645566000.0,297089000.0,2415378000.0,-331346000.0,-204725000.0,-43242000.0
MSTR,2016-09-30,False,Q3,2016,10-Q,129896000.0,30008000.0,26628000.0,2.33,2.31,0.0,735509000.0,649117000.0,183109000.0,365555000.0,519901000.0,94036000.0,-20896000.0,-1540000.0
MDLZ,2016-09-30,False,Q3,2016,10-Q,6396000000.0,702000000.0,548000000.0,0.35,0.35,0.19,63265000000.0,8855000000.0,13957000000.0,1686000000.0,27577000000.0,1138000000.0,-521000000.0,-830000000.0
NTRS,2016-09-30,False,Q3,2016,10-Q,1259800000.0,,251700000.0,1.09,1.08,0.0,120085000000.0,,,4892700000.0,9579800000.0,671500000.0,-5252700000.0,2821500000.0
NUVA,2016-09-30,False,Q3,2016,10-Q,239649000.0,,3926000.0,0.08,0.07,0.0,1636045000.0,616897000.0,280399000.0,203818000.0,722814000.0,96020000.0,-289954000.0,204531000.0
PTIE,2016-09-30,False,Q3,2016,10-Q,,-3541000.0,-3518000.0,-0.08,-0.08,0.0,22482000.0,22220000.0,2167000.0,21214000.0,20315000.0,-9203000.0,-622000.0,-260000.0
PNRA,2016-09-27,False,Q3,2016,10-Q,684206000.0,52221000.0,31975000.0,1.37,1.37,0.0,1253536000.0,267554000.0,366544000.0,86598000.0,319599000.0,228933000.0,-127717000.0,-256504000.0
PEBO,2016-09-30,False,Q3,2016,10-Q,29354000.0,11448000.0,7792000.0,0.43,0.43,0.16,3363585000.0,,,54745000.0,440637000.0,42195000.0,-107032000.0,61557000.0
PPC,2016-09-25,False,Q3,2016,10-Q,2031721000.0,163822000.0,98657000.0,0.39,0.39,0.0,3002289000.0,1369895000.0,844329000.0,85994000.0,916807000.0,531109000.0,-163124000.0,-721629000.0
PMD,2016-09-30,False,Q3,2016,10-Q,11849163.0,4104036.0,2708021.0,0.5,0.49,0.15,25928555.0,12186422.0,5497524.0,4111808.0,13902817.0,6071245.0,-1386103.0,-3262798.0
PCYO,2016-08-31,False,FY,2016,10-K,452161.0,-2179775.0,-1310607.0,-0.06,-0.06,0.0,70879614.0,29085850.0,482208.0,4697288.0,68997949.0,-270729.0,-32118983.0,-2041.0
QSII,2016-09-30,False,Q2,2017,10-Q,127166000.0,6769000.0,3987000.0,0.06,0.06,0.0,478888000.0,143258000.0,123844000.0,26246000.0,285471000.0,56385000.0,-1017000.0,-56298000.0
QDEL,2016-09-30,False,Q3,2016,10-Q,49341000.0,2125000.0,-572000.0,-0.02,-0.02,0.0,376497000.0,208535000.0,25348000.0,153363000.0,196747000.0,-4806000.0,-12921000.0,-20374000.0
ROIC,2016-09-30,False,Q3,2016,10-Q,59354000.0,18216000.0,7335000.0,0.07,0.07,0.18,2586501000.0,,,10447000.0,1324111000.0,98509000.0,-243865000.0,146959000.0
SAIA,2016-09-30,False,Q3,2016,10-Q,316442000.0,22644000.0,13826000.0,0.55,0.54,0.0,808612000.0,166402000.0,153401000.0,789000.0,468890000.0,117659000.0,-107825000.0,-9169000.0
SGMO,2016-09-30,False,Q3,2016,10-Q,2823000.0,-19206000.0,-18965000.0,-0.27,-0.27,0.0,164978000.0,148845000.0,13868000.0,27986000.0,143836000.0,-53581000.0,11859000.0,226000.0
SIGI,2016-09-30,False,Q3,2016,10-Q,581691000.0,,38502000.0,0.66,0.66,0.15,7363233000.0,,,1493000.0,1574904000.0,177474000.0,-184992000.0,8113000.0
SGEN,2016-09-30,False,Q3,2016,10-Q,106315000.0,-32412000.0,-31752000.0,-0.23,-0.23,0.0,849912000.0,744304000.0,125808000.0,131029000.0,662290000.0,-81917000.0,87282000.0,23409000.0
SNMX,2016-09-30,False,Q3,2016,10-Q,6020000.0,-2481000.0,-2461000.0,-0.05,-0.05,0.0,26123000.0,23247000.0,5606000.0,3671000.0,17150000.0,-8233000.0,5859000.0,1227000.0
SCIA,2016-09-30,False,Q3,2016,10-Q,1664979.0,-65901.0,-83450.0,-0.02,-0.02,0.0,4218666.0,1927635.0,1221624.0,780838.0,2477972.0,128563.0,-79803.0,-265092.0
SGNL,2016-09-30,False,Q3,2016,10-Q,889000.0,-1816000.0,-1839000.0,-0.17,-0.17,0.0,7541000.0,6512000.0,2853000.0,5351000.0,4686000.0,-5354000.0,-3000.0,-124000.0
SLAB,2016-10-01,False,Q3,2016,10-Q,178083000.0,21732000.0,20018000.0,0.48,0.47,0.0,1030216000.0,468395000.0,143847000.0,148195000.0,787629000.0,106619000.0,-15769000.0,-56740000.0
SIRI,2016-09-30,False,Q3,2016,10-Q,1277646000.0,392179000.0,193901000.0,0.04,0.04,0.0,8422827000.0,1041369000.0,2901968000.0,572382000.0,-506514000.0,1216104000.0,-136414000.0,-619146000.0
SPOK,2016-09-30,False,Q3,2016,10-Q,45355000.0,6029000.0,4058000.0,0.2,0.2,0.125,391132000.0,152236000.0,48892000.0,122461000.0,332454000.0,29438000.0,-4377000.0,-13932000.0
STLY,2016-10-01,False,Q3,2016,10-Q,11036000.0,-1972000.0,-2080000.0,-0.15,-0.15,1.25,39544000.0,34950000.0,7707000.0,7293000.0,23763000.0,-3179000.0,28125000.0,-24139000.0
STRA,2016-09-30,False,Q3,2016,10-Q,102156000.0,4830000.0,2878000.0,0.27,0.27,0.0,286504000.0,152702000.0,61654000.0,120502000.0,173219000.0,30107000.0,-15136000.0,-1358000.0
SGC,2016-09-30,False,Q3,2016,10-Q,65282000.0,,4386000.0,0.31,0.29,0.088,194765000.0,123343000.0,32342000.0,2800000.0,107809000.0,6171000.0,-21757000.0,17259000.0
TROW,2016-09-30,False,Q3,2016,10-Q,85700000.0,475700000.0,320500000.0,1.3,1.28,0.54,6723500000.0,,,1401000000.0,4833700000.0,268200000.0,110300000.0,-45300000.0
MDCO,2016-09-30,False,Q3,2016,10-Q,37599000.0,-75737000.0,-86258000.0,-1.23,-1.23,0.0,1776633000.0,717371000.0,207258000.0,600356000.0,761405000.0,-260985000.0,423295000.0,65687000.0
TTS,2016-09-30,False,Q3,2016,10-Q,78559000.0,7798000.0,4583000.0,0.09,0.09,0.0,243793000.0,84515000.0,46776000.0,9835000.0,137395000.0,50678000.0,-19645000.0,-31518000.0
CLUB,2016-09-30,False,Q3,2016,10-Q,98534000.0,-2624000.0,-5506000.0,-0.21,-0.21,0.0,245331000.0,62403000.0,73155000.0,48330000.0,-86031000.0,16981000.0,-13639000.0,-31209000.0
TRS,2016-09-30,False,Q3,2016,10-Q,202290000.0,17790000.0,8780000.0,0.19,0.19,0.0,1158400000.0,331780000.0,135930000.0,22550000.0,567010000.0,46410000.0,-22270000.0,-21040000.0
TUES,2016-09-30,False,Q1,2017,10-Q,211885000.0,-9240000.0,-8855000.0,-0.2,-0.2,0.0,442094000.0,337646000.0,179835000.0,6159000.0,219306000.0,-39430000.0,-10847000.0,42286000.0
ULBI,2016-09-25,False,Q3,2016,10-Q,19631000.0,1138000.0,1019000.0,0.07,0.07,0.0,83557000.0,47189000.0,11476000.0,6650000.0,66553000.0,3568000.0,-10787000.0,-426000.0
UBOH,2016-09-30,False,Q3,2016,10-Q,6830000.0,,1378000.0,0.42,0.42,0.0,615314000.0,,,16250000.0,75344000.0,4226000.0,-11904000.0,1006000.0
UTHR,2016-09-30,False,Q3,2016,10-Q,408200000.0,238600000.0,161800000.0,3.75,3.5,0.0,2269200000.0,1386000000.0,314600000.0,953000000.0,1838700000.0,480200000.0,39800000.0,-396000000.0
UFPI,2016-09-24,False,Q3,2016,10-Q,826665000.0,43552000.0,27356000.0,1.36,1.36,0.0,1310637000.0,790787000.0,310156000.0,36683000.0,847090000.0,136377000.0,-200462000.0,13981000.0
VRSN,2016-09-30,False,Q3,2016,10-Q,287554000.0,174776000.0,114427000.0,1.08,0.9,0.0,2297979000.0,1794968000.0,1482426000.0,177785000.0,-1169238000.0,472477000.0,-50762000.0,-472698000.0
VBTX,2016-09-30,False,Q3,2016,10-Q,13947000.0,,3375000.0,0.32,0.31,0.0,1269238000.0,,,15837000.0,142423000.0,8516000.0,-120184000.0,218704000.0
VSEC,2016-09-30,False,Q3,2016,10-Q,172780000.0,13623000.0,7088000.0,0.66,0.65,0.0,639352000.0,230481000.0,116374000.0,553000.0,248940000.0,28392000.0,-5427000.0,-23152000.0
WTBA,2016-09-30,False,Q3,2016,10-Q,18615000.0,,5813000.0,0.36,0.36,0.17,1824830000.0,,,50850000.0,164864000.0,22207000.0,-97791000.0,53783000.0
XLNX,2016-10-01,False,Q2,2017,10-Q,579209000.0,176813000.0,164192000.0,0.65,0.61,0.33,4945720000.0,4019194000.0,997819000.0,690490000.0,2625147000.0,522229000.0,22548000.0,-358103000.0
YRCW,2016-09-30,False,Q3,2016,10-Q,1221300000.0,38800000.0,13900000.0,0.43,0.42,0.0,1870600000.0,872500000.0,582400000.0,276400000.0,-342200000.0,86000000.0,44900000.0,-28300000.0
