symbol,end_date,amend,period_focus,fiscal_year,doc_type,revenues,op_income,net_income,eps_basic,eps_diluted,dividend,assets,cur_assets,cur_liab,cash,equity,cash_flow_op,cash_flow_inv,cash_flow_fin
WGA,2015-12-31,False,FY,2015,10-K,13880000.0,-582000.0,-499000.0,-0.05,-0.05,0.0,6023000.0,5991000.0,665000.0,4394000.0,5358000.0,2711000.0,75000.0,-5251000.0
ADK,2015-12-31,False,FY,2015,10-K,18400000.0,-7641000.0,-28726000.0,-1.46,-1.46,0.165,171985000.0,25157000.0,63784000.0,2720000.0,-23835000.0,-17806000.0,9845000.0,-54000.0
ADGE,2015-12-31,False,FY,2013,10-K,8556917.0,-5167324.0,-5430403.0,-0.11,-0.11,0.0,34022378.0,8502500.0,2291735.0,5587528.0,11115309.0,-699631.0,-4157281.0,-1381475.0
APHB,2015-12-31,False,FY,2015,10-K,475000.0,-10227000.0,-10794000.0,-1.99,-1.99,0.0,31493000.0,10016000.0,2385000.0,9370000.0,12714000.0,-9781000.0,-210000.0,12780000.0
AMS,2015-12-31,False,FY,2015,10-K,16548000.0,1980000.0,-1522000.0,-0.28,-0.28,0.0,54114000.0,6007000.0,8698000.0,2209000.0,25180000.0,8548000.0,-1926000.0,-5472000.0
BKJ,2015-12-31,False,FY,2015,10-K,31835000.0,,4808000.0,0.79,0.79,0.24,802920000.0,,,74189000.0,73153000.0,6504000.0,-7516000.0,53141000.0
BDR,2015-12-31,False,FY,2015,10-K,20943000.0,-6400000.0,-6771000.0,-1.05,-1.05,0.0,16230000.0,8313000.0,8622000.0,9000.0,7369000.0,-798000.0,-641000.0,1216000.0
CKX,2015-12-31,False,FY,2015,10-K,1062101.0,650698.0,463028.0,0.24,0.24,0.1,14156936.0,6201002.0,54402.0,2767424.0,13809767.0,441974.0,-2705894.0,-194250.0
DGSE,2015-12-31,False,FY,2015,10-K,60917739.0,-1958572.0,-2252301.0,-0.18,-0.18,0.0,16154010.0,11654612.0,9965563.0,1752711.0,3871424.0,133854.0,-437059.0,-143515.0
DSS,2015-12-31,False,FY,2015,10-K,17505109.0,-14083293.0,-14309480.0,-0.3,-0.3,0.0,15657433.0,5082090.0,9486239.0,1440256.0,3687275.0,-976630.0,-115974.0,189185.0
ENSV,2015-12-31,False,FY,2015,10-K,38777860.0,-620226.0,-1261022.0,-0.03,-0.03,0.0,47192138.0,9823360.0,3354122.0,804737.0,17886816.0,12143762.0,-4506183.0,-7786900.0
FSI,2015-12-31,False,FY,2015,10-K,15898547.0,2350467.0,1504696.0,0.11,0.11,0.0,14142630.0,7972433.0,1561197.0,2498738.0,12028151.0,2736651.0,-63727.0,-885661.0
FPP,2015-12-31,False,FY,2015,10-K,3969475.0,-13029923.0,-10983270.0,-1.3,-1.3,0.0,10519689.0,2315529.0,7957366.0,1467279.0,877138.0,699787.0,-183702.0,-26951.0
HEB,2015-12-31,False,FY,2015,10-K,133000.0,-16650000.0,-15230000.0,-0.06,-0.06,0.0,22804000.0,10571000.0,2433000.0,2115000.0,20371000.0,-16053000.0,6352000.0,9660000.0
HH,2015-12-31,False,FY,2015,10-K,32115000.0,-8539000.0,-10874000.0,-0.14,-0.14,0.0,17846000.0,8498000.0,16018000.0,2035000.0,217000.0,-6297000.0,-4793000.0,7924000.0
IOT,2015-12-31,False,FY,2015,10-K,,-1418000.0,1499000.0,0.36,0.36,0.0,84304000.0,,,2000.0,84298000.0,274000.0,9961000.0,-10240000.0
INTT,2015-12-31,False,FY,2015,10-K,38889000.0,2562000.0,1861000.0,0.18,0.18,0.0,39984000.0,34823000.0,4059000.0,25710000.0,35925000.0,3498000.0,-599000.0,-155000.0
LGL,2015-12-31,False,FY,2015,10-K,20713000.0,-788000.0,-711000.0,-0.27,-0.27,0.0,15803000.0,11952000.0,2076000.0,5553000.0,13727000.0,689000.0,-328000.0,0.0
MGN,2015-12-31,False,FY,2015,10-K,,-4682467.0,-3049273.0,-0.1,-0.1,0.0,3203934.0,1542708.0,456619.0,1203048.0,2219065.0,-4297093.0,1849239.0,-211560.0
NSSI,2015-12-31,False,FY,2015,10-K,16565000.0,3927000.0,4107000.0,0.17,0.17,0.0,30381000.0,23402000.0,,20608000.0,28690000.0,5633000.0,-75000.0,-2612000.0
GBR,2015-12-31,False,FY,2015,10-K,3817000.0,-3970000.0,-2622000.0,-1.35,-1.35,0.0,8875000.0,651000.0,1223000.0,473000.0,3671000.0,579000.0,-125000.0,-281000.0
OGEN,2015-12-31,False,FY,2015,10-K,1175841.0,-11652119.0,-11711333.0,-0.32,-0.32,0.0,5778379.0,5637728.0,1047354.0,5083355.0,4731025.0,-5104385.0,-101231.0,-159950.0
RVP,2015-12-31,False,FY,2015,10-K,29552200.0,-3207876.0,4314318.0,0.21,0.2,0.0,42540864.0,30810698.0,8095713.0,18045044.0,31027680.0,-3252157.0,-864113.0,32337.0
SPP,2015-12-31,False,FY,2015,10-K,68428000.0,-123482000.0,-154818000.0,-72.14,-72.14,0.0,473391000.0,32901000.0,9012000.0,6571000.0,,15437000.0,-428740000.0,415636000.0
SGB,2015-12-31,False,FY,2015,10-K,2697000.0,4201000.0,3373635.0,1.32,1.32,0.0,414855470.0,,,6156818.0,36097690.0,4470467.0,-22838674.0,36889783.0
TGC,2015-12-31,False,FY,2015,10-K,6164000.0,-17331000.0,-24721000.0,-4.06,-4.06,0.0,12003000.0,1382000.0,1365000.0,40000.0,7460000.0,482000.0,-541000.0,64000.0
TAT,2015-12-31,False,FY,2015,10-K,85064000.0,-14018000.0,-107538000.0,-0.65,-0.65,0.0,299449000.0,89259000.0,136990000.0,7480000.0,58922000.0,72026000.0,-44005000.0,-53963000.0
UAMY,2015-12-31,False,FY,2015,10-K,13109003.0,-808997.0,-887180.0,-0.01,-0.01,0.0,18260201.0,2136326.0,2429830.0,133543.0,12459953.0,358453.0,-1704037.0,1355444.0
WTT,2015-12-31,False,FY,2015,10-K,27230093.0,747039.0,376681.0,0.02,0.02,0.0,34706324.0,23832785.0,1768421.0,9726007.0,32904451.0,1022621.0,,-1556699.0
YUMA,2015-12-31,False,FY,2015,10-K,23719410.0,-18567992.0,-12265980.0,-0.17,-0.17,0.0,119621453.0,12671744.0,39848783.0,5355191.0,64224916.0,-1370144.0,-12311157.0,7478170.0
ACCP,2015-12-31,False,FY,2015,10-K,1040000.0,-18546000.0,-14526000.0,-0.53,-0.53,0.0,80055000.0,40568000.0,1477000.0,40138000.0,67721000.0,-10423000.0,3389000.0,35652000.0
ADBE,2016-03-04,False,Q1,2016,10-Q,1383335000.0,307758000.0,254307000.0,0.51,0.5,0.0,11896682000.0,4935390000.0,2231806000.0,830696000.0,7081202000.0,497527000.0,-258842000.0,-284392000.0
IOTS,2015-12-31,False,FY,2015,10-K,43259000.0,-6634000.0,-8383000.0,-2.79,-2.79,0.0,49938000.0,39334000.0,17644000.0,23089000.0,24479000.0,-7127000.0,-559000.0,25141000.0
AMTX,2015-12-31,False,FY,2015,10-K,146649000.0,-8609000.0,-27138000.0,-1.37,-1.37,0.0,83141000.0,8002000.0,29297000.0,283000.0,-35294000.0,-786000.0,-71000.0,816000.0
AKER,2015-12-31,False,FY,2015,10-K,2115050.0,-9682230.0,-9311913.0,-1.81,-1.81,0.0,8271909.0,6481068.0,1668731.0,402059.0,6603178.0,-5132301.0,5078519.0,
ALDX,2015-12-31,False,FY,2015,10-K,,-11989107.0,-12090287.0,-1.4,-1.4,0.0,28204764.0,28088194.0,2115135.0,14648866.0,24878319.0,-9311753.0,-13036256.0,28469571.0
AMRI,2015-12-31,False,FY,2015,10-K,402356000.0,13649000.0,-2301000.0,-0.07,-0.07,0.0,865567000.0,280245000.0,99096000.0,49343000.0,287223000.0,39628000.0,-221716000.0,185416000.0
AETI,2015-12-31,False,FY,2015,10-K,49083000.0,-2341000.0,-2942000.0,-0.36,-0.36,0.0,38586000.0,19300000.0,8355000.0,7989000.0,18333000.0,2367000.0,796000.0,1427000.0
GNOW,2015-12-31,False,FY,2015,10-K,10024000.0,-13283000.0,-13309000.0,-1.69,-2.04,0.0,21085000.0,7162000.0,20395000.0,2629000.0,-1806000.0,-6069000.0,-4722000.0,12400000.0
AMRS,2015-12-31,False,FY,2015,10-K,34153000.0,-148533000.0,-217952000.0,-1.75,-1.75,0.0,110198000.0,35666000.0,76813000.0,11992000.0,-158456000.0,-85132000.0,-5144000.0,61424000.0
WMS,2014-12-31,True,Q3,2015,10-Q,279871000.0,12629000.0,-3632000.0,-0.07,-0.07,0.04,963369000.0,406059000.0,170598000.0,10753000.0,219990000.0,90252000.0,-29366000.0,-53639000.0
WMS,2014-06-30,True,Q1,2015,10-Q,326434000.0,22831000.0,-9844000.0,-0.21,-0.21,0.0,1065927000.0,490194000.0,203333000.0,4720000.0,-533210000.0,-18542000.0,-15656000.0,35073000.0
WMS,2014-09-30,True,Q2,2015,10-Q,366714000.0,32789000.0,16844000.0,0.41,0.41,0.0,1068160000.0,498626000.0,209027000.0,6581000.0,224142000.0,14906000.0,-23972000.0,11946000.0
WMS,2015-03-31,False,FY,2015,10-K,1180073000.0,58267000.0,-3106000.0,-0.06,-0.06,0.08,1041699000.0,446731000.0,197594000.0,3623000.0,206576000.0,74379000.0,-76093000.0,1791000.0
ARDM,2015-12-31,False,FY,2015,10-K,23429000.0,-17152000.0,-17209000.0,-1.17,-1.17,0.0,35626000.0,35246000.0,7516000.0,31462000.0,23110000.0,-16703000.0,,175000.0
ARGS,2015-12-31,False,FY,2015,10-K,518329.0,-72547505.0,-74788521.0,-3.66,-3.66,0.0,31131202.0,8813798.0,8162813.0,6163144.0,-28201435.0,-61020674.0,8923202.0,21061787.0
ASUR,2015-12-31,False,FY,2015,10-K,26906000.0,-317000.0,-1757000.0,-0.28,-0.28,0.0,34211000.0,7808000.0,16400000.0,1158000.0,3718000.0,3355000.0,-1388000.0,-1143000.0
AAME,2015-12-31,False,FY,2015,10-K,165937000.0,851000.0,3989000.0,0.19,0.19,0.0,314603000.0,,,15622000.0,102492000.0,2209000.0,-1201000.0,-1761000.0
ACPB,2015-12-31,False,FY,2015,10-K,58366000.0,,-1319000.0,-0.09,-0.09,0.0,2638780000.0,,,58319000.0,-1516000.0,-5965000.0,-15680000.0,130280000.0
ARL,2015-12-31,False,FY,2015,10-K,104188000.0,6308000.0,-3176000.0,-0.21,-0.21,0.0,1106508000.0,,,15232000.0,176889000.0,-34509000.0,-130348000.0,167790000.0
ATLC,2015-12-31,False,FY,2015,10-K,78254000.0,,1713000.0,0.12,0.12,0.0,280729000.0,,,51033000.0,10951000.0,864000.0,14537000.0,-3572000.0
ATOS,2015-12-31,False,FY,2015,10-K,1758.0,-12758618.0,-15760323.0,-0.45,-0.45,0.0,6243321.0,4294851.0,2501587.0,3715895.0,3741734.0,-13953296.0,-288419.0,9456892.0
BETR,2015-12-31,False,FY,2015,10-K,183915000.0,36634000.0,9885000.0,0.13,0.13,0.0,360791000.0,38850000.0,59328000.0,18751000.0,15423000.0,46999000.0,-8607000.0,-25256000.0
BHACU,2015-12-31,False,FY,2015,10-K,,-477604.0,-473690.0,-0.26,-0.26,0.0,43896789.0,250106.0,,199436.0,5000001.0,-368800.0,-43642769.0,44147068.0
BYBK,2015-12-31,False,FY,2015,10-K,188.0,,-142120.0,0.17,0.17,0.0,491161838.0,,,34413222.0,67682489.0,5039798.0,2744162.0,9737088.0
BDMS,2015-12-31,False,FY,2015,10-K,63843837.0,-1020640.0,-704670.0,-0.38,-0.38,0.88,21846611.0,4262206.0,8299311.0,258801.0,1647368.0,3406357.0,-2198105.0,-1259680.0
AZUR,2015-12-31,False,FY,2015,10-K,80592000.0,-209490000.0,-221739000.0,-10.85,-10.85,0.0,567225000.0,18885000.0,6314000.0,7511000.0,,10455000.0,39170000.0,-42114000.0
BIG,2016-01-30,False,FY,2015,10-K,5190582000.0,235732000.0,142873000.0,2.83,2.8,0.76,1640370000.0,994432000.0,678448000.0,54144000.0,720470000.0,342352000.0,-113193000.0,-227276000.0
PRSS,2015-12-31,False,FY,2015,10-K,104508000.0,-6195000.0,2155000.0,0.13,0.13,0.0,91383000.0,61252000.0,20360000.0,32663000.0,70323000.0,-1883000.0,8174000.0,-4277000.0
CPHC,2015-12-31,False,FY,2015,10-K,52263053.0,4613867.0,2727022.0,0.65,0.64,0.0,45341082.0,11203322.0,7308952.0,8274112.0,33097499.0,4429432.0,-4007552.0,-909693.0
CAPR,2015-12-31,False,FY,2015,10-K,5517648.0,-12611826.0,-12857339.0,-0.81,-0.81,0.0,16069572.0,13989857.0,6528668.0,5568306.0,-1031774.0,-10817286.0,-8140852.0,16491679.0
CBYL,2015-12-31,False,FY,2015,10-K,56000.0,-21036000.0,-24846000.0,-1.3,-1.3,0.0,56791000.0,54945000.0,4271000.0,53723000.0,49310000.0,-20863000.0,-1374000.0,72063000.0
CDNA,2015-12-31,False,FY,2015,10-K,28144000.0,-11932000.0,-13707000.0,-1.16,-1.16,0.0,55638000.0,34362000.0,10152000.0,29888000.0,29494000.0,-9752000.0,-1199000.0,4408000.0
CASM,2015-12-31,False,FY,2015,10-K,21639365.0,-6025924.0,-8281691.0,-0.32,-0.32,0.0,17035115.0,13516110.0,6393557.0,7528292.0,5653258.0,-3901618.0,-1227993.0,7220706.0
CLSN,2015-12-31,False,FY,2015,10-K,3000000.0,-20846793.0,-22461084.0,-1.03,-1.03,0.0,49054534.0,20281316.0,9349843.0,9265144.0,20385664.0,-20830563.0,13326613.0,4082213.0
BOX,2016-01-31,False,FY,2016,10-K,302704000.0,-201003000.0,-202948000.0,-1.67,-1.67,0.0,497488000.0,319994000.0,250466000.0,185741000.0,137901000.0,-66321000.0,-80861000.0,2513000.0
HOTR,2015-12-31,False,FY,2015,10-K,42396809.0,-11487916.0,-12136526.0,-0.86,0.0,0.0,42205206.0,3818576.0,16181082.0,1527886.0,21757133.0,-5367824.0,-10490651.0,17138750.0
CAAS,2015-12-31,False,FY,2015,10-K,443533000.0,29652000.0,27388000.0,0.85,0.85,0.0,607695000.0,476059000.0,298212000.0,69676000.0,307295000.0,39274000.0,-32271000.0,-1775000.0
CREG,2015-12-31,False,FY,2015,10-K,24083232.0,23907081.0,18397425.0,0.22,0.22,0.0,316874573.0,67247644.0,56946143.0,41749388.0,213706793.0,63911466.0,-1198315.0,-54431989.0
CHYI,2015-12-31,False,FY,2015,10-K,14509124.0,-11421868.0,-20152787.0,-5.15,-5.15,0.0,218717490.0,7337619.0,9088594.0,5481292.0,81470467.0,-9823697.0,-8033425.0,22762082.0
BKE,2016-01-30,False,FY,2015,10-K,1119616000.0,229588000.0,147283000.0,3.06,3.06,1.94,572773000.0,362897000.0,107626000.0,161185000.0,412643000.0,159322000.0,-34858000.0,-96987000.0
CAL,2016-01-30,False,FY,2015,10-K,100186000.0,135107000.0,81479000.0,1.86,1.85,0.28,1303323000.0,875065000.0,390299000.0,118151000.0,602472000.0,149152000.0,-73781000.0,-23470000.0
CWS,2015-12-31,False,FY,2015,10-K,49565576.0,-11245871.0,-12770222.0,-3.24,-3.24,0.0,94608759.0,39472724.0,14541627.0,18790370.0,80067132.0,11731282.0,-12458.0,160837.0
CDTI,2015-12-31,False,FY,2015,10-K,39738000.0,-10319000.0,-8534000.0,-0.53,-0.53,0.0,25102000.0,16699000.0,16913000.0,2958000.0,437000.0,-11581000.0,-453000.0,7786000.0
CGNT,2015-12-31,False,FY,2015,10-K,308000.0,,,,,0.0,49006745.0,15586905.0,6461645.0,1976594.0,16959019.0,-5854969.0,-1411042.0,0.0
CONN,2016-01-31,False,FY,2016,10-K,1322589000.0,113716000.0,30855000.0,0.88,0.87,0.0,2025300000.0,1163000000.0,146125000.0,12254000.0,538281000.0,-174122000.0,-57758000.0,231911000.0
CTIB,2015-12-31,False,FY,2015,10-K,59364701.0,2816538.0,1047333.0,0.32,0.3,0.0,41804969.0,32437171.0,20200676.0,346404.0,12589023.0,2596010.0,-681952.0,-1694353.0
CVV,2015-12-31,False,FY,2015,10-K,38965387.0,4591993.0,3204996.0,0.52,0.51,0.0,42806204.0,24551095.0,4641567.0,13073331.0,33224629.0,1873813.0,-47345.0,-720000.0
CYCC,2015-12-31,False,FY,2015,10-K,1944000.0,-16170000.0,-14543000.0,-0.45,-0.45,0.0,24764000.0,24566000.0,5753000.0,20440000.0,18835000.0,-14460000.0,62000.0,10860000.0
CBAY,2015-12-31,False,FY,2015,10-K,,-25897000.0,-15529000.0,-0.82,-0.83,0.0,43079000.0,42794000.0,6146000.0,7706000.0,28115000.0,-23324000.0,-11083000.0,30527000.0
CMC,2016-02-29,False,Q2,2016,10-Q,1019697000.0,,-16776000.0,0.09,0.09,0.12,3043511000.0,1980374000.0,451255000.0,381678000.0,1348798000.0,332810000.0,-108522000.0,-326754000.0
PLAY,2016-01-31,False,FY,2015,10-K,866982000.0,110036000.0,59619000.0,1.46,1.39,0.0,1004535000.0,110080000.0,156647000.0,25495000.0,346338000.0,186983000.0,-161540000.0,-70824000.0
DSCO,2015-12-31,False,FY,2015,10-K,987000.0,-39834000.0,-55170000.0,-7.98,-7.98,0.0,44377000.0,40794000.0,11068000.0,38722000.0,8266000.0,-33504000.0,-188000.0,27703000.0
DSCO,2015-12-31,True,FY,2015,10-K,987000.0,-39834000.0,-55170000.0,-7.98,-7.98,0.0,44377000.0,40794000.0,11068000.0,38722000.0,8266000.0,-33504000.0,-188000.0,27703000.0
EGLE,2015-12-31,False,FY,2015,10-K,103856876.0,-135537564.0,-148296965.0,-3.94,-3.94,0.0,787038940.0,41025427.0,37914108.0,24896161.0,518344462.0,-43786769.0,10251871.0,18455772.0
EACQU,2015-12-31,False,FY,2015,10-K,,,,,,0.0,200448554.0,438636.0,284983.0,272666.0,5000001.0,-985189.0,-200000000.0,201257855.0
ECTE,2015-12-31,False,FY,2015,10-K,0.0,-17540259.0,-22197867.0,-1.98,-1.98,0.0,805090.0,300744.0,3235428.0,56210.0,-2525873.0,-5079864.0,-113692.0,3970825.0
ELON,2015-12-31,False,FY,2015,10-K,38804000.0,,-13233000.0,-3.0,-3.0,0.0,38046000.0,35224000.0,8511000.0,7691000.0,28921000.0,-4926000.0,10777000.0,-11431000.0
EIGR,2015-12-31,False,FY,2015,10-K,,-42181000.0,-44413000.0,-27.93,-27.93,0.0,33886000.0,33876000.0,2309000.0,32777000.0,31553000.0,-41091000.0,70369000.0,-10936000.0
ERS,2015-12-31,False,FY,2015,10-K,521736000.0,8336000.0,2809000.0,0.32,0.2,0.0,248536000.0,240567000.0,195360000.0,7315000.0,48199000.0,65786000.0,-177000.0,-59327000.0
EGT,2015-12-31,False,FY,2015,10-K,31509000.0,1230000.0,820000.0,0.06,0.06,0.0,45285000.0,34431000.0,2822000.0,30681000.0,41554000.0,14654000.0,-1390000.0,0.0
EPRS,2015-12-31,False,FY,2015,10-K,1173000.0,-52300000.0,-52188000.0,-2.29,-2.29,0.0,72264000.0,35247000.0,33281000.0,31515000.0,36368000.0,-46582000.0,841000.0,55817000.0
FCAP,2015-12-31,False,FY,2015,10-K,23837000.0,7175000.0,5198000.0,1.87,1.87,0.84,715827000.0,,,109174000.0,74508000.0,74000.0,-14748000.0,-2446000.0
FSBK,2015-12-31,False,FY,2015,10-K,14297975.0,,4683213.0,0.49,0.49,0.1,946282972.0,,,19425747.0,82170774.0,9037176.0,-85341306.0,58178721.0
EXPR,2016-01-30,False,FY,2015,10-K,2350129000.0,207238000.0,116513000.0,1.39,1.38,0.0,1178644000.0,513419000.0,307403000.0,186903000.0,617953000.0,229603000.0,-115378000.0,-271997000.0
FOGO,2016-01-03,False,FY,2015,10-K,271634000.0,22982000.0,27865000.0,1.09,1.06,0.0,487495000.0,47761000.0,34071000.0,24919000.0,252554000.0,37361000.0,-35423000.0,5834000.0
FES,2015-12-31,False,FY,2015,10-K,244107000.0,-34937000.0,-46850000.0,-2.12,-2.12,0.0,412427000.0,111799000.0,46434000.0,74611000.0,67379000.0,36582000.0,-5422000.0,8533000.0
FLL,2015-12-31,False,FY,2015,10-K,124588000.0,5044000.0,-1317000.0,-0.07,-0.07,0.0,142770000.0,23282000.0,17466000.0,14574000.0,56523000.0,7509000.0,-14802000.0,6228000.0
GME,2016-01-30,False,FY,2015,10-K,9363800000.0,648200000.0,402800000.0,3.8,3.78,1.44,4334900000.0,1938800000.0,1794400000.0,450400000.0,2081000000.0,656800000.0,-444600000.0,-346200000.0
GTWN,2015-12-31,False,FY,2015,10-K,13065000.0,,1518000.0,0.87,0.86,0.185,296502000.0,,,1927000.0,31908000.0,4802000.0,-22870000.0,20908000.0
GEVO,2015-12-31,False,FY,2015,10-K,30137000.0,-31927000.0,-36194000.0,-2.58,-2.58,0.0,103128000.0,22640000.0,18301000.0,17031000.0,48326000.0,-28160000.0,-1320000.0,40152000.0
GIII,2016-01-31,False,FY,2016,10-K,2344142000.0,184484000.0,114333000.0,2.52,2.46,0.0,1184070000.0,902440000.0,244804000.0,132587000.0,888127000.0,64169000.0,-67662000.0,10544000.0
GBT,2015-12-31,False,FY,2015,10-K,33000.0,-46393000.0,-50540000.0,-3.95,-3.95,0.0,153074000.0,150820000.0,10723000.0,148502000.0,140795000.0,-30890000.0,-993000.0,128316000.0
GCO,2016-01-30,False,FY,2016,10-K,3022234000.0,151251000.0,94569000.0,4.13,4.11,0.0,1541483000.0,800086000.0,323617000.0,133288000.0,956783000.0,145118000.0,-75800000.0,-47555000.0
GRBK,2015-12-31,False,FY,2015,10-K,291145000.0,33141000.0,15325000.0,0.38,0.38,0.0,473876000.0,,,19909000.0,371855000.0,-47571000.0,2461000.0,43752000.0
GNBC,2015-12-31,False,FY,2015,10-K,39000.0,,15439000.0,0.54,0.53,0.0,3786157000.0,,,15915000.0,429402000.0,26904000.0,-119225000.0,148304000.0
GYRO,2015-12-31,False,FY,2015,10-K,,,,,,20.7,58334819.0,,,5875596.0,,,,
AJX,2015-12-31,False,FY,2015,10-K,37468000.0,,24692000.0,1.68,1.68,0.0,615379000.0,,,30834000.0,237813000.0,-15734000.0,-321047000.0,314516000.0
HWBK,2015-12-31,False,FY,2015,10-K,1039000.0,,8599000.0,1.58,1.58,0.0,1200921000.0,,,20484000.0,87286000.0,13342000.0,-50230000.0,22456000.0
HIL,2015-12-31,False,FY,2015,10-K,720605000.0,30844000.0,6931000.0,0.14,0.14,0.0,442563000.0,291591000.0,143048000.0,24089000.0,118039000.0,-6853000.0,-18586000.0,22304000.0
HERO,2015-12-31,False,FY,2015,10-K,0.0,,,,,0.0,1108140000.0,410203000.0,98872000.0,330780000.0,563931000.0,-26459000.0,-4611000.0,0.0
HPJ,2015-12-31,False,FY,2015,10-K,146181011.0,3164708.0,3854082.0,0.26,0.25,0.0,134204484.0,80682981.0,91207597.0,5849967.0,42856338.0,346196.0,-11256553.0,4504506.0
HBMD,2015-12-31,False,FY,2015,10-K,45276000.0,,1016000.0,0.16,0.16,0.0,946759000.0,,,38340000.0,92899000.0,-7432000.0,-33763000.0,55018000.0
IDSY,2015-12-31,False,FY,2015,10-K,41784000.0,-10283000.0,-9952000.0,-0.79,-0.79,0.0,44428000.0,30628000.0,16556000.0,4489000.0,20570000.0,-6902000.0,3498000.0,1857000.0
IPWR,2015-12-31,False,FY,2015,10-K,4259909.0,-10472115.0,-10440643.0,-1.23,-1.23,0.0,19250154.0,16839524.0,2578921.0,15022286.0,16671233.0,-8046217.0,-1421741.0,16578233.0
INVE,2015-03-31,False,Q1,2015,10-Q,14934000.0,-4140000.0,-4743000.0,-0.44,-0.44,0.0,78423000.0,54835000.0,16778000.0,33087000.0,41758000.0,-2899000.0,-169000.0,-600000.0
INVE,2015-09-30,False,Q3,2015,10-Q,17196000.0,-6621000.0,-7162000.0,-0.66,-0.66,0.0,70724000.0,49780000.0,15765000.0,21416000.0,31200000.0,-16858000.0,-553000.0,2131000.0
INVE,2015-06-30,False,Q2,2015,10-Q,15587000.0,-7706000.0,-8184000.0,-0.75,-0.75,0.0,82933000.0,61067000.0,20739000.0,30846000.0,38474000.0,-8833000.0,-410000.0,3396000.0
INVE,2015-12-31,False,FY,2015,10-K,60794000.0,-35879000.0,-39144000.0,-3.62,-3.62,0.0,53896000.0,41274000.0,16216000.0,16667000.0,14190000.0,-23003000.0,-341000.0,2131000.0
ICON,2015-12-31,False,FY,2015,10-K,379197000.0,-262663000.0,-189303000.0,-3.92,-3.92,0.0,2521998000.0,369804000.0,145917000.0,169971000.0,694905000.0,190241000.0,-153039000.0,9886000.0
JAX,2016-01-03,False,FY,2015,10-K,217914000.0,8400000.0,5355000.0,0.36,0.36,0.0,156193000.0,18979000.0,22553000.0,13424000.0,98803000.0,16010000.0,-13986000.0,-1901000.0
IDXG,2015-12-31,False,FY,2015,10-K,9432000.0,-40408000.0,-11356000.0,-2.01,-0.73,0.0,67712000.0,19165000.0,23373000.0,8310000.0,13038000.0,-19842000.0,26398000.0,-21357000.0
JMG,2015-12-31,False,FY,2015,10-K,441006000.0,9319000.0,3127000.0,0.12,0.12,0.16,359456000.0,92957000.0,76375000.0,29036000.0,249699000.0,,7805000.0,-3476000.0
KFN,2015-12-31,False,FY,2015,10-K,375256000.0,,-338810000.0,,,0.0,7788395000.0,,,320122000.0,1950990000.0,162258000.0,1159819000.0,-1165360000.0
KR,2016-01-30,False,FY,2015,10-K,109830000000.0,3576000000.0,2039000000.0,2.09,2.06,0.408,33897000000.0,9892000000.0,12971000000.0,277000000.0,6798000000.0,4833000000.0,-3570000000.0,-1254000000.0
JAGX,2015-12-31,False,FY,2015,10-K,258381.0,-12445369.0,-16637924.0,-2.7,-2.7,0.0,12405177.0,8453782.0,3907731.0,7697531.0,4399097.0,-14315863.0,-3002700.0,24170902.0
KGJI,2015-12-31,False,FY,2015,10-K,1000161294.0,29491332.0,21562072.0,0.33,0.33,0.0,469616222.0,346249798.0,171372263.0,3100569.0,265660395.0,-62528528.0,-27958740.0,92433138.0
LOW,2016-01-29,False,FY,2015,10-K,59074000000.0,,2534000000.0,2.73,2.73,1.07,31266000000.0,10561000000.0,10492000000.0,405000000.0,7654000000.0,4784000000.0,-1343000000.0,-3493000000.0
M,2016-01-30,False,FY,2015,10-K,27079000000.0,2039000000.0,1072000000.0,3.26,3.22,1.3925,20576000000.0,7652000000.0,5728000000.0,1109000000.0,4253000000.0,1984000000.0,-1092000000.0,-2029000000.0
LNDC,2016-02-28,False,Q3,2016,10-Q,129990000.0,-33623000.0,-21190000.0,-0.78,-0.78,0.0,328677000.0,83905000.0,46356000.0,8214000.0,206606000.0,6297000.0,-26882000.0,14672000.0
MKC,2016-02-29,False,Q1,2016,10-Q,1030200000.0,129100000.0,93400000.0,0.73,0.73,0.43,4400100000.0,1306200000.0,1092200000.0,111800000.0,1726900000.0,77900000.0,-22200000.0,-45500000.0
LIME,2015-12-31,False,FY,2015,10-K,112623000.0,-134000.0,-4448000.0,-0.4,-0.4,0.0,57566000.0,40673000.0,27281000.0,5389000.0,5098000.0,1670000.0,-13012000.0,11258000.0
LMFA,2015-12-31,False,FY,2015,10-K,6960761.0,2442392.0,20156.0,-0.01,-0.01,0.0,14612386.0,,,8997798.0,6264466.0,2250239.0,934255.0,3785610.0
LULU,2016-01-31,False,FY,2015,10-K,2060523000.0,369076000.0,266047000.0,1.9,1.89,0.0,1314077000.0,917039000.0,225504000.0,501482000.0,1027482000.0,298740000.0,-143487000.0,-273693000.0
MFNC,2015-12-31,False,FY,2015,10-K,37402000.0,,5596000.0,0.9,0.89,0.0,739269000.0,,,25005000.0,76602000.0,13092000.0,-5988000.0,-4043000.0
LUNA,2015-12-31,False,FY,2015,10-K,44020358.0,-6249595.0,2231196.0,-0.26,-0.26,0.0,58131813.0,38750203.0,15333662.0,17464040.0,36907018.0,-5087907.0,8294714.0,140264.0
MARA,2015-12-31,False,FY,2015,10-K,18977794.0,-25680432.0,-16939859.0,-1.19,-1.19,0.0,47227593.0,4778902.0,16951648.0,2600000.0,12675742.0,-2961238.0,-58386.0,508838.0
MBII,2015-12-31,False,FY,2015,10-K,9801000.0,-39457000.0,-43728000.0,-1.79,-1.79,0.0,71767000.0,36016000.0,12872000.0,19838000.0,-2022000.0,-36174000.0,-1646000.0,22334000.0
MELR,2015-12-31,False,FY,2015,10-K,6148000.0,,658000.0,0.25,0.25,0.0,230709000.0,,,16854000.0,45545000.0,667000.0,-30147000.0,16843000.0
MBLX,2015-12-31,False,FY,2015,10-K,2594000.0,-23743000.0,-23681000.0,-0.95,-0.95,0.0,17088000.0,14850000.0,3910000.0,12269000.0,13028000.0,-21863000.0,-614000.0,14703000.0
MIRN,2015-12-31,False,FY,2015,10-K,,,-29303000.0,-5.85,-5.85,0.0,90917000.0,90542000.0,5901000.0,89713000.0,85016000.0,-21135000.0,-251000.0,101780000.0
MDSY,2015-12-31,False,FY,2015,10-K,9807000.0,-4984000.0,-5814000.0,-0.32,-0.32,0.0,32847000.0,3623000.0,5624000.0,1479000.0,26673000.0,-1384000.0,-7000.0,2421000.0
NRF,2015-12-31,False,FY,2015,10-K,119845000.0,,-143136000.0,-2.3,-2.3,0.0,2683050000.0,,,283844000.0,795742000.0,-50180000.0,-1900532000.0,2231566000.0
MYOS,2015-12-31,False,FY,2015,10-K,159000.0,-5062000.0,-5303000.0,-1.64,-1.64,0.0,5342000.0,3275000.0,1720000.0,879000.0,3505000.0,-2252000.0,-27000.0,1591000.0
NK,2015-12-31,False,FY,2015,10-K,236000.0,,-236876000.0,-3.31,-3.31,0.0,366849000.0,297540000.0,6148000.0,175908000.0,355995000.0,-25305000.0,-175224000.0,317333000.0
NRX,2015-12-31,False,FY,2015,10-K,,-22322000.0,-22864000.0,-2.29,-2.29,0.0,23046000.0,22714000.0,7641000.0,18830000.0,11143000.0,-19635000.0,11680000.0,12807000.0
NEOT,2015-12-31,False,FY,2015,10-K,,-42049091.0,-43157045.0,-3.15,-3.15,0.0,40111972.0,39725600.0,9099501.0,37748603.0,23807295.0,-37911417.0,-426128.0,138632.0
NFEC,2015-12-31,False,FY,2015,10-K,6714869.0,-640785.0,-969442.0,-0.15,-0.15,0.0,44353642.0,19576937.0,13976167.0,434571.0,30377475.0,-2473729.0,1588438.0,48251.0
OBCI,2015-12-31,False,FY,2015,10-K,33987487.0,749531.0,460694.0,0.05,0.05,0.0,23989007.0,17594651.0,2651589.0,2468415.0,20643588.0,799853.0,-954663.0,-437988.0
OVLY,2015-12-31,False,FY,2015,10-K,30127000.0,,4908000.0,0.61,0.61,0.0,897038000.0,,,174778000.0,78263000.0,1396000.0,-30332000.0,-1649000.0
OMEX,2015-12-31,False,FY,2015,10-K,5330251.0,-21524114.0,-18207163.0,-2.46,-2.46,0.0,6913016.0,3545590.0,24677485.0,2241317.0,-16195513.0,-17164207.0,799589.0,15462385.0
PAR,2015-12-31,False,FY,2015,10-K,229003000.0,6629000.0,-891000.0,-0.06,-0.06,0.0,115312000.0,69602000.0,37803000.0,8024000.0,68060000.0,594000.0,6425000.0,-7700000.0
OHGI,2015-12-31,False,FY,2015,10-K,1532000.0,-10229000.0,-10974000.0,-0.32,-0.3,0.0,15934000.0,5734000.0,556000.0,1772000.0,9837000.0,-2115000.0,-1072000.0,1787000.0
OPGN,2015-12-31,False,FY,2015,10-K,3157720.0,-15059163.0,-17595835.0,-2.2,-2.2,0.0,13762746.0,9891367.0,4893792.0,7814220.0,7491046.0,-14278004.0,1181915.0,20169078.0
PFIN,2015-12-31,False,FY,2015,10-K,81702000.0,5959000.0,3544000.0,0.98,0.94,0.0,70578000.0,36898000.0,17631000.0,927000.0,43642000.0,6573000.0,-1374000.0,-5269000.0
PRKR,2015-12-31,False,FY,2015,10-K,20981.0,,-17075007.0,-1.74,-1.74,0.0,10373089.0,2352613.0,4037822.0,175401.0,6282785.0,-11721234.0,8439070.0,3238640.0
PNBK,2015-12-31,False,FY,2015,10-K,25292000.0,,2143000.0,0.55,0.55,0.0,653531000.0,,,2588000.0,61464000.0,-355000.0,-9704000.0,15953000.0
PYDS,2015-12-31,False,FY,2015,10-K,14380459.0,946877.0,1016088.0,0.14,0.08,0.0,68356491.0,63113405.0,59241215.0,4059606.0,9115276.0,2089959.0,-785571.0,-48237.0
PAYX,2016-02-29,False,Q3,2016,10-Q,752600000.0,280000000.0,180400000.0,0.5,0.5,0.42,7067500000.0,5503600000.0,5039200000.0,253100000.0,1874100000.0,791200000.0,-563600000.0,-144500000.0
RH,2016-01-30,False,FY,2015,10-K,2109006000.0,185561000.0,91103000.0,2.27,2.16,0.0,2088472000.0,1313677000.0,452555000.0,349897000.0,886160000.0,141886000.0,-227397000.0,286782000.0
PBSK,2015-12-31,False,FY,2015,10-K,23018000.0,,3119000.0,0.87,0.87,0.23,435088000.0,,,23876000.0,71241000.0,4633000.0,3367000.0,-1091000.0
SC,2015-12-31,False,FY,2015,10-K,6307119000.0,,827293000.0,2.33,2.31,0.0,36570373000.0,,,18893000.0,4424963000.0,3898765000.0,-7721101000.0,3808072000.0
IPDN,2015-12-31,False,FY,2015,10-K,38614226.0,-33931811.0,-35795554.0,-2.57,-2.57,0.0,41427816.0,6629231.0,13368329.0,2070693.0,22645157.0,-6164168.0,4114988.0,2600406.0
PRPH,2015-12-31,False,FY,2015,10-K,20604000.0,-3584000.0,-3600000.0,-0.22,-0.22,0.0,14829000.0,11879000.0,4534000.0,1664000.0,8829000.0,-3497000.0,-709000.0,2944000.0
PVBC,2015-12-31,False,FY,2015,10-K,29258000.0,,3656000.0,36.56,,0.0,743397000.0,,,7302000.0,101406000.0,6819000.0,-74963000.0,79050000.0
SAIC,2016-01-29,False,FY,2016,10-K,4315000000.0,227000000.0,117000000.0,2.55,2.47,1.21,2122000000.0,952000000.0,688000000.0,195000000.0,380000000.0,226000000.0,-798000000.0,466000000.0
SHAK,2015-12-30,False,FY,2015,10-K,190592000.0,6753000.0,-8776000.0,-0.65,-0.65,0.0,379547000.0,78934000.0,24005000.0,70849000.0,157019000.0,41258000.0,-34514000.0,61428000.0
RDNT,2015-12-31,True,FY,2015,10-K,55008000.0,13212000.0,13178000.0,,,0.0,35494000.0,11469000.0,1319000.0,0.0,,18210000.0,-3957000.0,-14256000.0
RAVN,2016-01-31,False,FY,2016,10-K,258229000.0,11092000.0,8489000.0,0.23,0.23,0.52,306610000.0,125733000.0,18819000.0,33782000.0,268865000.0,44008000.0,-11074000.0,-50684000.0
RLOC,2015-12-31,False,FY,2015,10-K,382597000.0,-60870000.0,-61515000.0,-2.11,-2.11,0.0,122196000.0,33766000.0,94393000.0,18833000.0,-1986000.0,-20083000.0,-13770000.0,12877000.0
MARK,2015-12-31,False,FY,2015,10-K,14229000.0,-22577000.0,-31447000.0,-2.06,-2.06,0.0,94586000.0,18393000.0,36813000.0,5422000.0,12058000.0,-16168000.0,-2167000.0,22232000.0
SSI,2016-01-30,False,FY,2015,10-K,1604433000.0,,3732000.0,0.12,0.12,0.58,848099000.0,500762000.0,155882000.0,16487000.0,429753000.0,40300000.0,-90977000.0,49999000.0
RIBT,2015-12-31,False,FY,2015,10-K,39896000.0,-6276000.0,-8268000.0,-0.9,-0.9,0.0,33635000.0,10721000.0,14678000.0,1070000.0,7268000.0,-3794000.0,-1068000.0,2168000.0
ROST,2016-01-30,False,FY,2015,10-K,11939999000.0,,1020661000.0,2.53,2.51,0.47,4869119000.0,2372195000.0,1602847000.0,761602000.0,2471991000.0,1326252000.0,-362509000.0,-898749000.0
RXII,2015-12-31,False,FY,2015,10-K,34000.0,-10237000.0,-10432000.0,-0.21,-0.21,0.0,11159000.0,10978000.0,2269000.0,5117000.0,8890000.0,-7317000.0,-5557000.0,9495000.0
SAL,2015-12-31,False,FY,2015,10-K,41883000.0,,8299000.0,6.08,6.04,1.12,100411000.0,,,2612000.0,90574000.0,2133000.0,-10332000.0,-8957000.0
SNFCA,2015-12-31,False,FY,2015,10-K,283161000.0,,12622880.0,0.92,0.89,0.0,749933317.0,,,40053242.0,111246225.0,-15831248.0,15372609.0,9656561.0
SIEB,2015-12-31,False,FY,2015,10-K,10096000.0,-3092000.0,-2869000.0,0.13,0.13,0.0,17785000.0,,,9420000.0,15683000.0,-1392000.0,4063000.0,
TLYS,2016-01-30,False,FY,2015,10-K,550991000.0,18096000.0,7541000.0,0.27,0.27,0.0,270751000.0,170674000.0,55812000.0,51020000.0,173213000.0,36850000.0,-37966000.0,2347000.0
TJX,2016-01-30,False,FY,2016,10-K,30944938000.0,4100343000.0,2277658000.0,3.38,3.33,0.84,11499482000.0,6772560000.0,4402230000.0,2095473000.0,4307075000.0,2937343000.0,-1063115000.0,-2175855000.0
SMBK,2015-12-31,False,FY,2015,10-K,2243126.0,,1389712.0,0.35,0.32,0.0,1023962879.0,,,40358647.0,100176859.0,2341425.0,-7937911.0,38824705.0
SPHS,2015-12-31,False,FY,2015,10-K,,,-14197000.0,-0.84,-0.84,0.0,8892000.0,8856000.0,3246000.0,5881000.0,1906000.0,-14357000.0,16066000.0,50000.0
SORL,2015-12-31,False,FY,2015,10-K,218656886.0,14741289.0,13308486.0,0.69,0.69,0.0,320554056.0,267976173.0,98129556.0,30230828.0,222424500.0,39314251.0,-32939693.0,10470347.0
SORL,2015-12-31,False,FY,2015,10-K,218656886.0,14741289.0,13308486.0,0.69,0.69,0.0,320554056.0,267976173.0,98129556.0,30230828.0,222424500.0,39314251.0,-32939693.0,10470347.0
TCI,2015-12-31,False,FY,2015,10-K,102220000.0,9301000.0,-8536000.0,-0.98,-0.98,0.0,1110204000.0,,,15171000.0,225055000.0,-50919000.0,-139823000.0,193712000.0
GTS,2015-12-31,False,FY,2015,10-K,2902736000.0,,52121000.0,2.03,2.02,0.0,2206145000.0,,,197818000.0,846856000.0,229094000.0,-51376000.0,-89937000.0
SFBC,2015-12-31,False,FY,2015,10-K,27716000.0,,4790000.0,1.92,1.86,0.23,540760000.0,,,48264000.0,54520000.0,3751000.0,-25630000.0,40854000.0
SGRP,2015-12-31,False,FY,2015,10-K,119279000.0,3265000.0,892000.0,0.04,0.04,0.0,43406000.0,30111000.0,13277000.0,5718000.0,24398000.0,4890000.0,-1575000.0,-659000.0
SPEX,2015-12-31,False,FY,2015,10-K,33000.0,-52010000.0,-51465000.0,-24.98,-24.98,0.0,13694000.0,3864000.0,4456000.0,142000.0,8750000.0,-4620000.0,125000.0,3832000.0
SPLK,2016-01-31,False,FY,2016,10-K,668435000.0,-287923000.0,-278772000.0,-2.38,-2.38,0.0,1536839000.0,1217269000.0,497766000.0,424541000.0,859414000.0,155622000.0,-153490000.0,35485000.0
STDY,2015-12-31,False,FY,2015,10-K,869000.0,-24685000.0,-25959000.0,-2.45,-2.45,0.0,35230000.0,32462000.0,5840000.0,31851000.0,28547000.0,-21579000.0,-1192000.0,48455000.0
SCON,2015-12-31,False,FY,2015,10-K,244000.0,-12723000.0,-8602000.0,-0.44,-0.44,0.0,14365000.0,7750000.0,850000.0,7469000.0,13122000.0,-8484000.0,-140000.0,14855000.0
SYNL,2015-12-31,False,FY,2015,10-K,175460438.0,-13151720.0,-11520336.0,-1.18,-1.18,0.3,149021417.0,84938426.0,26634718.0,391424.0,95154294.0,16461632.0,-8944164.0,-7152667.0
TAIT,2015-12-31,False,FY,2015,10-K,5674000.0,-339000.0,-595000.0,-0.11,-0.11,0.0,18049000.0,13158000.0,1843000.0,3692000.0,15206000.0,274000.0,-37000.0,-16000.0
SYRX,2015-12-31,False,FY,2015,10-K,66957000.0,-11441000.0,-11718000.0,-0.55,-0.55,0.0,68715000.0,28612000.0,32850000.0,4060000.0,22956000.0,-8201000.0,-1550000.0,10534000.0
SYPR,2015-12-31,False,FY,2015,10-K,145323000.0,-29644000.0,-27216000.0,-1.38,-1.38,0.0,68112000.0,41624000.0,26818000.0,1349000.0,19712000.0,-13447000.0,13916000.0,-6123000.0
TLF,2015-12-31,False,FY,2015,10-K,84161200.0,10474700.0,6402405.0,0.64,0.63,0.0,64566926.0,47561551.0,8333566.0,10962615.0,50972176.0,8198900.0,-2162083.0,-5710732.0
TGEN,2015-12-31,False,FY,2015,10-K,21442657.0,-2643350.0,-2727413.0,-0.16,-0.16,0.0,21090640.0,19402980.0,5375610.0,5486526.0,12441868.0,-4733759.0,-185740.0,9219992.0
WMT,2016-01-31,False,FY,2016,10-K,478614000000.0,24105000000.0,14694000000.0,4.58,4.57,1.96,199581000000.0,60239000000.0,64619000000.0,8705000000.0,83611000000.0,27389000000.0,-10675000000.0,-16122000000.0
FBMS,2015-12-31,False,FY,2015,10-K,47790388.0,,8456242.0,1.64,1.62,0.15,1145130719.0,,,41258917.0,103436090.0,9737655.0,-56506899.0,43410372.0
STKS,2015-12-31,False,FY,2015,10-K,60531766.0,,6930693.0,0.28,0.28,0.0,56046310.0,11953916.0,11095109.0,1841872.0,19604974.0,2042433.0,-12651916.0,4737961.0
FIL,2015-12-31,False,FY,2015,10-K,1628034.0,,-43252878.0,-2.64,-2.64,0.0,9188046.0,2006959.0,2485100.0,1026600.0,3382274.0,-3115010.0,-1667512.0,5629335.0
WPT,2015-12-31,False,FY,2015,10-K,96126000.0,33714000.0,33129000.0,1.9,1.9,0.0,206423000.0,20334000.0,7804000.0,12186000.0,0.0,60572000.0,-24983000.0,-41832000.0
HEAR,2015-12-31,False,FY,2015,10-K,162747000.0,-74399000.0,-82907000.0,-1.96,-1.96,0.0,173851000.0,94903000.0,69183000.0,7114000.0,56652000.0,-15133000.0,-6693000.0,21134000.0
UNXL,2015-12-31,False,FY,2015,10-K,3757000.0,-25543000.0,-37023000.0,-2.23,-2.23,0.0,26548000.0,19064000.0,5194000.0,7618000.0,19084000.0,-16644000.0,-14808000.0,15407000.0
ULTA,2016-01-30,False,FY,2015,10-K,3924116000.0,506297000.0,320008000.0,5.0,4.98,0.0,2230918000.0,1375173000.0,396227000.0,345840000.0,1442886000.0,375874000.0,-278958000.0,-140225000.0
UPLD,2015-12-31,False,FY,2015,10-K,69911000.0,-10223000.0,-13664000.0,-0.91,-0.91,0.0,122414000.0,35048000.0,34002000.0,18473000.0,60270000.0,-1503000.0,-9411000.0,-1221000.0
VRA,2016-01-30,False,FY,2016,10-K,502598000.0,46722000.0,27558000.0,0.71,0.71,0.0,380679000.0,253642000.0,66552000.0,97681000.0,285255000.0,43270000.0,-26322000.0,-31531000.0
VRNT,2016-01-31,False,FY,2016,10-K,1130266000.0,67852000.0,17638000.0,0.29,0.28,0.0,2355735000.0,754112000.0,442430000.0,352105000.0,1068164000.0,156903000.0,-75600000.0,-10204000.0
VRTB,2015-12-31,False,FY,2015,10-K,5216000.0,-8511000.0,-18006000.0,-3.44,-3.44,0.0,54368000.0,,,4228000.0,13579000.0,-5563000.0,3437000.0,-1187000.0
VBFC,2015-12-31,False,FY,2015,10-K,25562000.0,,646000.0,5.65,5.49,0.0,419941000.0,,,17076000.0,30359000.0,-2350000.0,-13571000.0,-15920000.0
WHLM,2015-12-31,False,FY,2015,10-K,83800000.0,2395000.0,1507000.0,0.26,0.25,0.0,43770000.0,19289000.0,13517000.0,4556000.0,27779000.0,484000.0,-1310000.0,-475000.0
XBIT,2015-12-31,False,FY,2015,10-K,,-37510000.0,-37483000.0,-1.22,-1.22,0.0,109358000.0,93041000.0,6291000.0,91051000.0,103050000.0,-33308000.0,-10392000.0,77470000.0
YOD,2015-12-31,False,FY,2015,10-K,4606380.0,-8410667.0,-8540921.0,,-0.34,0.0,19825725.0,10080500.0,9950341.0,3768897.0,8283265.0,-6435520.0,-253199.0,-310156.0
ZSAN,2015-12-31,False,FY,2015,10-K,313000.0,-26368000.0,-28427000.0,-2.49,-2.49,0.0,45337000.0,37271000.0,6880000.0,6646000.0,26502000.0,-24155000.0,-30946000.0,60533000.0
